3086 5096
582 317 793 381 ...33-

10 509 11 566 1
86 492 241 550 Neutrum
273 489 320 548 ein
341 485 485 547 Prtdilrat
512 508 548 547 zu
575 491 640 549 dem
668 488 791 550 Genetiv
818 492 878 551 und
901 508 976 549 zvar
999 509 1045 563 so,
1070 493 1277 550 (111111111-

88 578 191 636 weder
226 575 357 634 ziemlich
384 574 644 648 gleichbedeutond
672 577 712 636 ist
739 577 792 635 mit
818 577 871 636 der
897 575 1125 636 unmittelbaren
1150 576 1278 648 111111111-

10 659 11 666 ’
88 663 216 721 viscben
243 661 447 732 Verbindung,
476 662 540 720 also
569 663 621 721 der
644 662 767 721 Genetiv
796 663 843 721 die
869 662 1150 734 Hauptvorstellung
1176 661 1278 732 bleibt,

9 801 11 824 ,
89 749 145 807 vvie
169 751 269 807 strata
286 746 399 805 viarum
418 751 490 805 statt
509 746 573 806 viae
592 753 711 820 stratae,
735 749 831 806 wober
850 749 924 805 auch
943 747 1080 806 zuweilen
1098 748 1145 806 ein
1164 748 1278 806 solcher

89 834 233 893 Wechsel
255 832 428 904 vorkommt,
450 831 503 890 vie
525 833 573 892 bei
595 835 663 893 Tac.
686 833 795 892 1111.
814 835 852 893 61
873 832 993 892 humido
1019 833 1157 907 paludum
1176 839 1206 891 et
1223 833 1278 892 fal·

88 919 209 979 lacibus
233 918 352 990 campis,
375 917 447 976 oder
470 919 522 977 das
541 917 682 978 Neutrum
704 919 744 977 ist
766 917 813 976 1111
834 919 897 976 sich
919 920 963 977 als
981 919 1149 978 abstralrter
1167 917 1280 990 Begriff

91 1024 126 1064 zu
156 1005 347 1074 batrachten,
374 1003 421 1061 fdr
449 1005 503 1063 don
531 1022 561 1064 es
589 1005 632 1063 oft
659 1005 727 1063 kein
754 1002 924 1064 Substantiv
951 1003 1043 1076 giebt,
1076 1023 1099 1062 z.
1122 1004 1157 1063 B.
1179 1005 1279 1063 inania

89 1093 268 1150 honorum.“
313 1089 425 1161 Quibus
448 1090 545 1149 verbis
567 1107 661 1165 pauca
682 1091 819 1150 addenda
841 1094 916 1148 sunt.
951 1089 995 1147 Ac
1017 1089 1142 1162 primum
1161 1089 1278 1162 quidem

90 1178 173 1237 baud
204 1176 326 1236 dubium
353 1191 417 1234 esse
443 1180 552 1250 potest,
584 1176 654 1247 quin
681 1176 824 1235 eiusmodi
850 1175 882 1233 in
903 1175 1100 1238 locutionibus
1122 1181 1156 1234 ut
1179 1175 1278 1234 inania

90 1264 242 1321 honorum
259 1265 394 1320 neutrum
413 1262 551 1320 adiectivi
569 1260 708 1334 fungatur
727 1262 790 1319 vice
808 1261 984 1320 substantivi
998 1261 1150 1320 abstracti.
1177 1261 1278 1334 Neque

91 1349 227 1407 Haasius
249 1364 308 1406 non
330 1351 410 1404 recte
433 1347 640 1407 animadvertit
662 1352 765 1406 neutra
783 1345 1150 1417 adiectivorumadhiberi‚
1169 1346 1278 1408 111111-

92 1433 227 1493 stantiva
254 1431 457 1492 convenientia
484 1431 622 1491 deliciunt
644 1434 689 1492 vel
712 1448 769 1492 non
792 1432 836 1490 ita
858 1436 925 1490 sunt
948 1431 1066 1490 usitata.
1110 1431 1175 1490 Huc
1198 1450 1279 1506 spec·

91 1525 159 1578 tant
183 1519 254 1578 Sall.
277 1519 344 1576 bist.
366 1517 390 1576 Ι.
410 1515 999 1595 19121)111111111311111111111111
1018 1534 1112 1576 orare.
1144 1517 1210 1577 Liv.
1228 1519 1278 1588 30,

94 1607 148 1677 15,
173 1607 194 1664 4
219 1603 258 1662 ad
284 1604 397 1662 incerta
423 1604 568 1664 fortunae.
613 1605 681 1664 Tac.
703 1605 771 1663 hist.
794 1603 822 1674 Ι,
846 1605 885 1663 26
913 1602 1025 1661 incerta
1053 1603 1157 1662 noctis.
1190 1621 1214 1662 c.
1238 1608 1278 1663 77

91 1691 286 1764 proeliorum.
322 1706 389 1748 ann.
412 1688 467 1762 HI,
490 1691 531 1749 54
555 1689 652 1749 maris.
686 1689 737 1761 IV,
756 1691 796 1748 23
815 1687 915 1762 1111111)
941 1688 993 1758 XI,
1010 1690 1050 1746 20
1065 1688 1183 1748 Oceani.
1210 1689 1278 1748 bist.

92 1777 144 1848 IV,
163 1779 206 1837 81
228 1775 425 1849 Vespasianus
444 1782 542 1834 certa
565 1775 671 1834 maris
691 1775 907 1848 opperiebatur.
926 1806 967 1816 -
986 1773 1054 1832 Sall.
1076 1774 1144 1833 hist.
1162 1774 1217 1832 ΙΠ.
1237 1777 1276 1834 61

91 1861 165 1938 (82),
190 1863 213 1921 4
241 1861 331 1920 statui
354 1861 559 1920 certaminis
582 1862 811 1932 advorsarpro
834 1861 972 1919 libertate
990 1859 1107 1931 potiora
1125 1877 1189 1919 esse
1206 1859 1278 1919 forti

91 1948 157 2007 viro
188 1964 277 2020 quam
300 1946 416 2005 omnino
443 1964 503 2006 non
525 1952 662 2005 certasse.
703 1946 843 2004 Similiter
864 1945 933 2003 Tac.
956 1961 1022 2003 ann.
1046 1944 1095 2016 VI,
1119 1946 1159 2005 36
1182 1961 1279 2017 regem

93 2051 217 2092 saevum
239 2034 271 2091 in
293 2049 365 2105 pace
383 2038 411 2092 et
429 2033 589 2092 adversis
611 2032 831 2106 proeliorum
850 2029 1015 2090 exitiosum.
1034 2062 1075 2072 —
1093 2029 1160 2090 hist.
1179 2029 1218 2102 H,
1237 2033 1277 2091 33

94 2119 197 2178 dubiis
224 2119 403 2193 proeliorum
426 2123 584 2192 exemptus.
624 2134 689 2176 ann.
712 2115 765 2188 IV,
789 2120 807 2176 6
831 2114 1036 2174 infecunditati
1073 2132 1205 2174 arrarum
1227 2123 1279 2175 aut

93 2206 212 2279 asperis
231 2205 320 2262 maris
340 2204 455 2263 obviam
473 2204 516 2262 iit.
523 2203 550 2285 2),
577 2203 664 2275 Verg.
681 2201 788 2274 Georg.
808 2205 835 2274 1,
853 2203 916 2261 478
935 2202 989 2262 snb
1005 2201 1161 2260 obscurum
1176 2202 1279 2262 noctis.

93 2291 164 2349 Tac.
190 2291 259 2349 hist.
281 2289 322 2361 H,
345 2291 385 2348 14
407 2290 438 2347 ni
460 2289 601 2349 victorem
626 2288 785 2347 exercitum
808 2287 977 2346 attinuisset
1001 2287 1156 2346 obscurum
1175 2288 1278 2347 noctis.
1329 2342 1332 2348 .

94 2374 145 2447 IV,
169 2377 214 2435 50
237 2376 361 2435 obscuro
385 2376 480 2435 adhuc
503 2379 624 2447 coeptae
646 2375 729 2434 lucis.
763 2391 830 2433 ann.
847 2373 887 2445 H,
906 2375 947 2433 33
970 2372 1095 2432 obscuro
1115 2371 1182 2433 diei.
1214 2374 1278 2432 111.

94 2462 175 2520 Max.
200 2461 251 2534 IX,
275 2464 303 2531 6,
326 2463 344 2520 2
367 2460 398 2519 in
419 2461 597 2534 profundum
619 2465 783 2532 puteorum.
818 2459 952 2518 Frontin.
974 2457 997 2530 I,
1021 2457 1280 2532 3,1oprofunda

96 2547 247 2606 silvarum.
284 2546 352 2604 Tac.
375 2546 445 2618 Agr.
468 2565 492 2606 c.
514 2548 554 2606 25
578 2564 643 2605 cum
662 2547 831 2606 attollerent
848 2545 987 2604 silvarum
1005 2549 1034 2602 et
1051 2544 1193 2603 montium
1211 2561 1279 2619 pro·

96 2630 798 2704 1111111.ὲΤ11.111.1116111111111111.
834 2630 884 2702 IV,
903 2632 942 2689 59
962 2647 1037 2689 vana
1055 2629 1190 2688 rumoris.
1223 2631 1280 2690 Sed

97 2717 168 2776 hinc
197 2719 358 2777 abhorrere
388 2719 550 2794 locutiones
581 2722 685 2776 ‘strata
715 2717 837 2776 viarum’
868 2717 996 2774 ‘humido
1027 2715 1176 2787 paludum’
1205 2716 1279 2775 alias

98 2805 175 2864 tales
199 2803 350 2874 maiusque
372 2802 403 2860 in
425 2803 471 2862 bis
493 2805 608 2878 pondus
630 2821 695 2863 esse
717 2802 844 2874 genetivi
865 2819 952 2874 quam
971 2801 1109 2860 adiectivi
1127 2801 1198 2860 mibi
1216 2803 1280 2875 qui-

99 2890 165 2948 dem
188 2889 315 2948 Haasius
343 2905 402 2946 non
428 2891 587 2963 persuasit:
619 2889 707 2948 immo
732 2889 758 2947 is
785 2906 855 2948 usus
879 2904 913 2946 ea
935 2888 1000 2962 ipsa
1022 2905 1059 2946 ex
1080 2904 1113 2945 re
1136 2887 1279 2960 originem

98 2974 217 3034 videtur
239 2974 377 3046 traxisse,
405 2977 482 3046 quod
499 2964 679 3035 adieetivum'
699 2974 792 3034 maius
815 2974 942 3033 habebat
963 2973 1078 3047 pondus
1102 2989 1187 3044 quam
1210 2975 1279 3033 sub-

100 3061 270 3132 stantivum,
298 3060 341 3118 ita
362 3065 395 3117 ut
418 3060 593 3121 substantivi
615 3061 738 3120 vinculis
762 3078 825 3120 1111
847 3058 978 3118 studeret
999 3059 1135 3118 liberare.
1178 3057 1278 3133 Ipsum

99 3144 193 3216 igitur
215 3146 273 3205 sibi
295 3145 463 3204 conciliavit
485 3147 543 3205 vim
566 3146 743 3206 substantivi
766 3153 854 3218 atque
877 3145 1100 3216 substantivum,
1123 3144 1171 3204 cui
1193 3145 1278 3203 attri-

98 3230 200 3291 butive
222 3231 323 3290 addita
345 3237 417 3303 erat,
440 3232 497 3290 sibi
520 3232 655 3291 adiunxit
676 3232 811 3304 genetivo
834 3247 914 3292 11111.
957 3231 988 3289 si
1010 3230 1130 3289 Tacitus
1154 3229 1226 3289 dicit
1248 3231 1278 3290 in

99 3332 166 3376 ann.
197 3317 240 3388 H,
268 3317 312 3376 68
344 3317 419 3375 ‘avia
450 3318 575 3376 saltuum
606 3316 701 3392 petit,
732 3318 791 3375 vim
821 3317 963 3375 maiorem
994 3315 1100 3375 tribuit
1130 3315 1276 3376 adiectivo

98 3403 191 3473 ‘avia’;
222 3407 251 3461 11
273 3402 304 3459 in
330 3401 441 3474 anal,
466 3405 505 3462 17
532 3404 593 3462 ‘ubi
619 3421 672 3478 per
698 3420 805 3461 nomen
831 3418 969 3474 agrorum
989 3402 1115 3474 uligines
1138 3402 1277 3473 paludum

98 3488 144 3545 vel
170 3488 281 3546 inculta
312 3488 453 3546 montium
485 3489 653 3562 accipiant’,
684 3505 770 3560 quam
801 3505 893 3562 prope
923 3487 1051 3546 ‘inculta’
1076 3488 1114 3545 ad
1141 3487 1277 3545 substan·
1324 3532 1331 3544 .

99 3573 153 3632 tivi
184 3573 326 3632 abstracti
357 3573 414 3631 vim
443 3576 574 3646 accedat,
606 3575 749 3634 cernimus
780 3574 811 3632 in
838 3573 935 3633 verbis
962 3573 1096 3644 ‘uligines
1121 3573 1277 3645 paludum’.

99 3658 261 3717 Adiectivis
292 3659 446 3730 quominus
477 3659 522 3719 bis
553 3661 584 3719 in
608 3659 807 3720 locutionibus
834 3659 928 3718 maius
955 3659 1069 3732 pondus
1097 3656 1276 3717 vindicemus

100 3760 186 3814 quam
209 3744 409 3816 substantivis,
431 3745 504 3803 nibil
526 3746 656 3821 impedit,
679 3747 758 3817 quod
780 3746 867 3816 vulgo
891 3743 1062 3804 attributive
1085 3743 1277 3803 substantivis

98 3829 171 3889 addi
193 3829 295 3899 solent,
317 3847 382 3886 cum
405 3829 477 3889 11111
500 3849 587 3906 saepe
604 3832 704 3891 Latini
722 3848 780 3890 non
798 3831 828 3889 in
846 3830 1040 3901 substantivo,
1063 3828 1114 3888 sed
1132 3829 1162 3886 11
1180 3829 1277 3888 adiec-

100 3914 160 3974 tivo
188 3914 360 3973 attributive
389 3915 527 3976 adiuncto
559 3918 699 3977 maiorem
731 3917 789 3974 vim
816 3921 935 3991 ponant.
979 3915 1159 3987 Quamquam
1186 3915 1276 3973 inter-

100 4001 169 4058 dum
191 4017 243 4058 cur
265 4000 440 4060 adiectivum
464 4019 522 4061 non
544 4002 717 4064 attributive
738 4020 803 4062 cum
822 4001 1005 4061 substantivo
1024 4002 1210 4060 coniunctum
1229 4001 1276 4072 sit,

101 4100 217 4144 causam
239 4102 298 4145 non
320 4102 384 4144 esse
402 4085 560 4147 dilucidam
577 4087 640 4147 fieri
660 4106 717 4148 non
736 4092 842 4162 potest,
865 4087 933 4157 quin
952 4088 1154 4147 concedamus.
1188 4085 1275 4145 Eius-

143 4290 266 4374 ,1)11111.
285 4289 350 4337 Vici.
370 4288 439 4341 Caes.
460 4292 500 4355 16,
518 4291 644 4340 6111111111
664 4291 728 4340 belli.

170 4358 260 4424 Μὶν.
279 4357 321 4422 33,
341 4357 371 4407 ll
390 4358 452 4410 dura
469 4366 544 4422 atque
561 4374 648 4423 aspera
667 4359 732 4409 belli.
