3086 5096
734 393 772 402 ..
818 357 859 422 42
904 391 943 400 ...

249 529 297 598 25,
321 528 339 585 5
363 526 487 586 ‘Uticam
509 529 635 601 adpulsi'
658 533 687 586 et
705 530 793 600 86,4
816 529 940 602 ,Uticam
963 527 1126 587 advehitur’
1147 531 1245 584 utrum
1268 525 1436 583 habeamus

248 619 424 671 structuram
447 614 603 672 verborum
625 615 810 672 transitivum
833 632 871 672 an
893 613 1091 672 accusativum
1114 611 1258 683 regionis,
1282 610 1332 682 qui
1358 609 1438 668 dici·

247 703 304 770 tur,
324 698 443 756 dubium
462 705 514 758 est.
535 733 574 742 —
595 700 682 771 Apud
700 699 815 758 Livium
834 701 955 772 legimus
974 700 1121 756 ‘allatrare
1139 699 1226 768 alqd’
1243 697 1302 771 (38,
1324 695 1377 765 54,
1396 694 1435 770 1).

247 783 405 842 Poetarum
432 786 555 856 propria
581 791 649 843 sunt
676 785 766 843 allabi
792 786 909 844 assilire
936 784 1075 843 advenire
1101 784 1207 842 advehi
1234 781 1341 839 afflare
1370 780 1439 854 (Ov.

249 875 317 928 met.
342 871 375 938 1,
398 869 470 945 542)
495 875 525 927 et
546 871 678 929 alludere
700 871 776 941 alqd.
812 871 868 930 Sed
892 870 1019 929 omnium
1042 869 1184 927 latissime
1206 868 1231 925 is
1254 884 1325 925 usus
1349 871 1440 936 patet

250 955 330 1027 apud
353 953 500 1025 Tacitum,
528 956 578 1026 qui
605 961 723 1027 praeter
745 956 922 1015 Sallustiana
949 956 1000 1012 illa
1022 955 1176 1012 ‘accedere’
1199 953 1348 1012 ‘assidere’
1373 953 1439 1008 ‘ad-

249 1041 373 1098 volvere'
390 1057 455 1097 oum
474 1041 643 1100 accusativo
661 1049 813 1113 conlungtt
826 1047 916 1100 et1am
930 1041 1101 1098 ‘accurrere'
1115 1057 1180 1097 ann.
1194 1037 1257 1109 XV,
1272 1038 1312 1096 53
1328 1037 1441 1111 (Aput)

250 1125 405 1198 ‘appellere
422 1126 540 1184 terram’
558 1143 624 1186 ann.
642 1125 681 1197 H,
701 1129 750 1198 25,
772 1128 961 1200 ‘appugnare’
978 1143 1044 1184 ann.
1061 1125 1100 1196 H,
1115 1127 1154 1183 81
1171 1125 1301 1183 classem.
1325 1121 1377 1192 IV,
1393 1123 1439 1180 48

252 1217 360 1268 castra.
395 1211 458 1281 XV,
482 1211 521 1270 13
544 1212 703 1270 castellum.
736 1214 897 1271 ‘assultare’
919 1229 987 1270 ann.
1009 1211 1032 1282 I,
1055 1213 1093 1268 51
1123 1212 1217 1268 latera
1243 1214 1272 1268 et
1293 1208 1440 1266 frontem.

250 1295 426 1354 ‘adventare'
444 1313 511 1354 ann.
529 1297 579 1368 VI,
597 1298 639 1355 44
656 1298 822 1370 propinqua
840 1298 1041 1356 Seleuciae-
1061 1301 1090 1354 et
1107 1296 1203 1367 poetis
1221 1293 1441 1369 praeeuntibus

250 1381 373 1440 ‘advehi’
395 1398 461 1439 ann.
480 1381 520 1452 H,
537 1383 577 1440 45
600 1389 634 1440 ut
656 1399 787 1454 quosque
808 1385 947 1442 advectus
966 1387 1038 1440 erat.
1074 1398 1141 1440 ann.
1159 1381 1215 1454 III,
1235 1384 1251 1438 1
1272 1380 1442 1454 Corcyram

249 1466 375 1524 insulam
398 1468 561 1525 advehitur.
601 1467 668 1526 hist.
690 1467 749 1539 ΙΙΙ,
774 1469 822 1526 24.
855 1469 888 1540 V,
911 1471 939 1528 6.
975 1468 1072 1526 Verbo
1096 1467 1312 1541 ‘propinquare’
1330 1484 1349 1523 a
1369 1463 1443 1521 Sal-

249 1552 339 1610 lustio
360 1552 439 1628 (hist.
462 1551 512 1610 IV.
536 1554 576 1611 62
599 1552 668 1629 [20])
690 1559 720 1611 51
742 1553 844 1611 Tacito
867 1555 943 1631 (ann.
965 1554 1030 1623 Xll,
1055 1553 1104 1628 13)
1126 1553 1309 1610 accusativus
1333 1557 1441 1608 utrum
1470 1593 1484 1620 .

251 1639 289 1696 ad
312 1638 530 1695 similitudinem
554 1639 710 1698 verborum
733 1639 960 1711 compositorum
983 1639 1137 1697 adiunctus
1156 1638 1203 1709 sit,
1225 1655 1263 1695 an
1281 1639 1319 1696 ad
1339 1639 1440 1705 signi-

250 1721 394 1782 ficandam
416 1724 574 1796 regionem,
596 1724 708 1783 dubito.
731 1757 771 1765 -
1053 1715 1056 1728 '

336 1808 383 1865 Ex
404 1809 441 1866 iis
464 1809 568 1880 igitur,
595 1827 669 1882 quae
691 1809 855 1880 attulimus,
882 1810 975 1868 elucet
1000 1811 1091 1868 verba
1117 1826 1182 1866 cum
1209 1808 1439 1880 praepositione

252 1895 308 1952 ‘ad’
334 1897 498 1967 composita
524 1911 611 1954 sensu
637 1896 759 1969 proprio
785 1912 851 1953 curn
877 1896 1044 1955 accusativo
1072 1895 1210 1966 coniungi
1232 1894 1394 1968 praecipue
1416 1912 1440 1952 a

250 1980 398 2038 veteribus
417 1986 446 2038 et
463 1981 567 2054 poetis,
586 1983 712 2055 optimos
729 1987 826 2038 tamen
842 1982 1000 2053 scriptores
1016 1987 1193 2040 structuram
1207 1997 1308 2038 eorum
1321 1981 1446 2037 transi—-

252 2065 342 2122 tivam
365 2067 535 2138 plerumque
556 2067 701 2138 reiecisse,
728 2067 786 2124 nisi
807 2067 844 2124 iis
869 2067 965 2125 inerat
986 2084 1088 2125 sensus
1110 2069 1279 2124 translatus.
1323 2065 1439 2123 Poetas

227 2221 231 2231 ι
255 2150 481 2223 Sallustiumque
503 2157 634 2211 veterum
653 2159 827 2212 sectatorem
845 2159 961 2211 secutus
979 2153 1143 2226 posteriore
1161 2157 1293 2225 tempore
1311 2151 1440 2210 Tacitus

253 2253 336 2294 usum
358 2255 458 2295 eorum
481 2238 669 2296 transitivum
692 2254 797 2309 magno
821 2255 909 2311 opere
931 2237 1127 2311 amplificavit.
1150 2269 1190 2280 -

339 2322 369 2399 2)
390 2324 428 2381 in.
467 2324 563 2394 Magis
595 2325 715 2396 vulgata
745 2328 790 2382 est
821 2328 970 2382 structura
1002 2324 1158 2382 transitiva
1184 2325 1341 2382 verborum
1369 2339 1442 2380 cum

253 2409 472 2481 praepositione
500 2410 547 2466 ‘in'
574 2409 811 2482 compositorum.
854 2411 941 2483 Apud
968 2415 1080 2470 veteres
1108 2414 1226 2481 praeter
1251 2409 1344 2468 verba
1371 2411 1441 2466 vul-

254 2494 338 2564 garia
370 2494 453 2551 ‘inire
480 2494 610 2552 invenire
636 2496 775 2553 invadere
802 2494 963 2566 increpare’
990 2513 1055 2553 eum
1082 2495 1249 2552 accusativo
1277 2493 1443 2552 coniuncta

254 2579 429 2637 invenimus:
448 2581 617 2638 incumbere
635 2581 764 2652 gladium
782 2579 876 2639 Plaut.
896 2598 953 2638 cas.
974 2583 1000 2652 2,
1019 2582 1047 2651 4,
1067 2582 1106 2639 23
1123 2581 1329 2637 -incursare
1347 2580 1441 2650 alqm.

253 2666 320 2722 rud.
345 2665 415 2723 722.
450 2666 533 2723 Asin.
557 2667 598 2724 34
622 2699 660 2708 -
685 2667 796 2723 instare
822 2667 899 2724 viam
921 2666 1003 2723 Asin.
1027 2667 1076 2724 54.
1112 2667 1201 2723 Poen.
1224 2667 1252 2735 4,
1275 2667 1303 2736 2,
1327 2667 1368 2722 96
1396 2699 1438 2706 -

240 2749 382 2808 insistite
411 2751 466 2807 hoc
494 2752 642 2822 negotium
669 2752 727 2809 mil.
752 2753 821 2810 929.
859 2751 945 2809 Lucr.
970 2755 997 2822 1,
1019 2753 1081 2811 406
1110 2769 1174 2810 cum
1202 2753 1289 2808 semel
1317 2751 1439 2807 instite-

253 2841 323 2893 runt
355 2831 480 2907 vestigia
512 2841 592 2895 certa
619 2838 686 2895 viai.
716 2870 754 2880 -
782 2837 919 2894 inlusere.
951 2837 1058 2894 Bacch.
1087 2839 1158 2895 256.
1188 2869 1226 2878 -
1256 2836 1438 2894 inclamitor.

253 2920 340 2993 Epid.
366 2923 424 2979 711
452 2955 489 2963 -
513 2923 657 2980 insultare
679 2921 758 2981 feres
781 2923 910 2981 calcibus
934 2922 999 2980 Ter.
1022 2922 1096 2980 Eun.
1118 2923 1187 2993 285,
1211 2923 1289 2992 quod
1311 2923 1440 2980 verbum

255 3023 341 3064 sensu
363 3008 508 3065 translato
532 3025 596 3066 cum
619 3009 785 3066 accusativo
809 3009 932 3079 iungunt
954 3007 1093 3078 Lucilius,
1116 3008 1272 3065 Sallustius
1294 3006 1373 3084 (hist.
1400 3008 1440 3064 fr.

254 3093 308 3149 inc.
320 3092 360 3150 83
370 3089 451 3169 [50]),
467 3093 585 3152 Tacitus
600 3094 674 3168 (ann.
684 3093 735 3164 IV,
745 3095 795 3164 53.
806 3093 857 3164 XI,
868 3092 928 3168 28.)
938 3127 977 3134 -
988 3094 1155 3164 impendere
1166 3093 1232 3151 Ter.
1241 3093 1349 3149 Phorm
1372 3094 1441 3151 180

254 3181 338 3235 tanta
365 3183 394 3235 te
422 3178 589 3251 impendent
612 3181 696 3238 mala.
731 3179 823 3237 Lucil.
846 3180 881 3238 fr.
905 3179 960 3236 inc.
984 3180 1033 3237 98.
1069 3178 1154 3236 Lucr.
1179 3180 1205 3248 1,
1229 3179 1300 3236 328.
1325 3211 1363 3219 -
1388 3178 1440 3234 iu-

255 3264 351 3321 sidere
373 3263 462 3322 Naev.
491 3281 563 3324 com.
586 3283 613 3324 v.
638 3268 697 3324 107
722 3282 839 3324 currum
861 3265 957 3342 (Ribh.
982 3263 1086 3342 curru).
1120 3264 1196 3322 Plin.
1220 3265 1248 3334 5,
1274 3265 1312 3322 69
1337 3263 1440 3335 Joppe

253 3349 431 3422 Phoenicum
454 3350 563 3422 insidet
586 3353 688 3409 collem
734 3351 801 3410 Tac.
825 3369 891 3408 ann.
914 3343 963 3421 IV,
987 3351 1004 3407 5
1030 3367 1203 3423 quamquam
1222 3349 1365 3407 insideret
1384 3367 1439 3405 ur-

254 3436 329 3493 bem
342 3434 479 3510 proprius
498 3436 589 3503 miles.
600 3499 608 3511 ,η
625 3437 693 3510 Xll,
717 3439 756 3495 62
776 3439 891 3508 quando
911 3453 946 3493 ca
963 3437 1028 3492 loca
1045 3436 1216 3494 insiderent.
1235 3467 1273 3478 -
1294 3434 1440 3492 insidere.

255 3520 297 3578 ol.
321 3521 460 3596 Quadrig.
483 3521 518 3596 fr.
544 3524 582 3587 12
605 3523 637 3580 Ρ.
660 3539 762 3594 agrurn
784 3522 970 3594 Pomptinum
993 3521 1169 3580 insederant.
1214 3521 1282 3579 Sall.
1306 3521 1374 3576 hist.
1397 3521 1439 3578 fr.

255 3607 278 3664 Ι.
298 3609 319 3669 ,9
342 3607 403 3682 (10)
418 3599 544 3682 'sacrum
577 3613 703 3666 montem
734 3613 822 3678 atque
848 3607 1025 3665 Aventinum
1057 3607 1173 3664 insedit.
1215 3607 1236 3664 1.
1260 3606 1321 3663 108
1343 3607 1439 3680 (116),

255 3692 319 3751 Liv.
342 3683 390 3763 35,
415 3695 463 3764 11,
478 3697 501 3763 Ι2
525 3695 570 3765 al,
606 3693 704 3751 Senec.
727 3693 834 3768 Phoeu.
856 3694 916 3750 122
941 3709 1050 3750 saxum.
1074 3691 1141 3750 Tac.
1164 3709 1231 3748 aun.
1251 3691 1271 3762 l,
1292 3691 1331 3749 63
1356 3707 1439 3747 cem-

256 3795 325 3851 pum
349 3795 433 3849 quem
455 3779 548 3838 hostis
572 3780 728 3837 insederat.
765 3778 831 3850 XII,
854 3780 894 3837 43
918 3778 1062 3836 insessum
1091 3777 1163 3836 diris
1185 3777 1288 3834 avibus
1312 3775 1440 3848 Capito-

256 3865 327 3923 lium
354 3869 383 3922 et
409 3881 496 3938 saepe
517 3864 590 3942 (511.ι
608 3865 819 3938 hipp-Andr.
852 3866 899 3922 ad.
931 3880 998 3921 ann.
1025 3861 1095 3935 XIl,
1124 3863 1181 3938 64).
1229 3862 1305 3920 Plin.
1331 3879 1439 3934 paneg.

257 3951 342 4020 26,1
372 3950 443 4008 vias.
471 3983 513 3992 -
540 3951 690 4028 insinuare
716 3949 802 4007 Lucr.
827 3952 858 4020 1,
881 3950 943 4007 408
975 3965 1075 4008 caecas
1107 3949 1245 4006 latebras.
1291 3947 1354 4006 Liv.
1386 3949 1442 4018 44,

256 4036 306 4106 41,
329 4035 358 4094 8.
382 4068 421 4078 -
445 4036 585 4104 incubare
608 4035 692 4096 Varr.
715 4037 788 4095 dr.
811 4053 834 4093 r.
858 4035 886 4108 3,
909 4037 936 4106 9,
959 4036 979 4092 8
1001 4034 1127 4113 (saepius
1150 4035 1180 4091 in
1202 4034 1349 4092 locutione
1371 4037 1442 4093 ‘ova

259 4120 427 4197 incubare').
444 4154 490 4194 ,—
588 4127 612 4186 f
649 4185 650 4188 ¹

344 4205 455 4278 Optimi
486 4207 643 4286 scriptores
675 4206 830 4266 transitive
856 4207 996 4266 adhibere
1024 4205 1118 4264 solent
1144 4204 1259 4276 ingredi
1287 4203 1362 4262 inire
1390 4204 1441 4262 in-

258 4292 358 4352 venire
384 4293 525 4353 invadere
550 4293 647 4351 invehi
674 4293 845 4367 impugnare
867 4293 1012 4351 insistere.
1056 4290 1238 4363 increpitare
1260 4291 1347 4362 alqm.
1366 4290 1442 4362 legi·
1538 4283 1539 4288 ’

260 4396 323 4437 mus
342 4381 421 4454 apud
440 4380 513 4438 Caes
540 4381 567 4438 b.
587 4397 614 4451 g.
634 4381 662 4451 2,
683 4381 730 4451 15,
749 4381 776 4444 5,
796 4411 834 4422 -
854 4379 1016 4451 irrumpere
1034 4394 1057 4434 c.
1076 4393 1134 4436 acc.
1149 4382 1245 4436 exstat
1260 4377 1339 4451 apud
1354 4378 1443 4436 eund.
