3086 5096
582 376 805 460 ..44.ι

106 551 206 611 orum’.
235 583 274 594 -
302 551 466 610 Arusianus
496 552 574 610 huno
599 552 695 610 lorum
721 551 807 610 affert
837 551 875 609 ad
908 555 1084 611 structuram
1111 551 1282 624 ‘praeminet

105 639 185 696 illam
207 653 270 694 rem
291 637 344 695 illa
364 637 405 695 re’
428 637 698 708 demonstrandam,
722 654 808 710 quam
836 638 873 696 ob
896 653 958 696 rem
979 636 1097 696 ‘omnes'
1116 653 1173 709 pro
1196 654 1281 696 accu-

106 724 202 783 sativo
226 723 371 782 ducemus.
391 754 430 765 -
450 722 549 782 Sonec.
572 730 664 783 contr.
689 726 717 795 1,
737 725 786 794 14,
806 726 845 782 12
868 722 1031 794 praeminet
1052 724 1190 783 Graecos.
1213 722 1282 783 Tac.

104 827 170 868 ann.
193 808 248 880 ΙΙΙ,
267 809 320 886 46.
352 807 420 879 XII,
444 810 492 867 12.
516 809 565 870 33.
597 810 660 881 XV,
683 811 732 869 34.
767 810 934 880 Draegerus
961 808 1052 880 igitur
1074 809 1112 867 ad
1133 827 1200 868 ann.
1217 808 1282 886 ΠΙ,

104 899 145 955 66
174 913 234 954 444
260 897 339 954 recte
370 895 506 953 adnotat:
536 895 719 966 praeminere
750 913 774 954 c.
800 911 861 954 aco.
891 895 931 954 ist
957 893 1132 954 Taciteisob.
1154 927 1193 937 -
1221 894 1282 954 Das

103 982 192 1040 Wort
212 980 326 1038 kommt
347 978 448 1038 irther
469 997 526 1038 nnr
547 980 595 1038 bei
617 981 727 1040 Sallust
748 998 809 1041 vor.
833 1012 872 1023 -

190 1082 344 1141 Postremo
375 1081 423 1140 hio
453 1082 545 1141 affero
575 1101 659 1142 nsum
689 1083 773 1143 verbi
805 1083 974 1155 praesidere
1002 1082 1202 1153 transitivum,
1233 1084 1282 1154 qui

105 1168 242 1226 Sallustii
267 1167 421 1239 Tacitique
451 1172 496 1227 est
521 1169 668 1241 proprius.
696 1201 735 1212 -
760 1169 828 1228 Sall.
851 1168 918 1228 bist.
941 1167 980 1239 Π,
1004 1169 1044 1228 28
1065 1165 1133 1245 (34).
1164 1167 1219 1241 ΙΙΙ,
1241 1170 1282 1229 66

102 1254 173 1330 (76).
197 1285 238 1298 -
262 1253 331 1312 Tac.
354 1271 420 1312 ann.
442 1253 499 1325 ΙΠ,
522 1256 571 1316 39.
593 1254 643 1327 IV,
666 1256 695 1315 6.
720 1257 769 1316 72.
791 1254 858 1327 ΧΠ,
883 1255 932 1315 14.
957 1256 1006 1316 29.

287 1470 329 1536 Ι).
362 1469 413 1537 llo
435 1471 639 1540 accusativo
662 1471 841 1554 absoluto,
864 1472 924 1554 qui
949 1455 1119 1539 vocatur.

192 1648 322 1708 Maxime
344 1648 543 1719 singularibus
565 1648 684 1720 linguae
705 1650 815 1708 latinae
836 1650 867 1707 in
889 1648 1121 1720 proprietatibus
1149 1651 1193 1707 441
1213 1665 1284 1706 4444

106 1734 270 1793 accusativi
293 1733 343 1805 qui
365 1738 488 1792 vocatur
510 1734 639 1794 absoluti
657 1752 710 1807 pro
730 1752 799 1794 casu
818 1733 1070 1798 determinationis
1088 1734 1119 1793 id
1137 1738 1182 1793 441
1199 1749 1285 1805 gene-

106 1821 169 1878 tivo
196 1819 362 1878 nominibus
389 1819 521 1895 additi1).
564 1821 629 1880 Huc
656 1827 790 1893 spectant
815 1822 846 1878 id
873 1821 929 1879 hoo
956 1837 1040 1879 omne
1066 1837 1158 1892 genus
1185 1852 1225 1862 --
1252 1819 1285 1878 16

6 1912 7 1948 l
105 1907 162 1964 hoc
184 1906 261 1963 istuc
283 1905 360 1965 idem
382 1905 503 1964 aetatis:
528 1905 591 1964 Cat.
610 1907 636 1964 d.
654 1923 678 1964 r.
695 1923 719 1964 r.
737 1908 766 1976 8,
790 1907 949 1969 24441441
972 1923 1056 1964 omne
1078 1922 1177 1978 genus,
1200 1921 1284 1964 coro·

104 1997 244 2049 namenta
270 2008 355 2050 omne
381 1992 481 2062 genus'.
531 1990 622 2050 Lucil.
649 1992 700 2051 lib.
723 1993 780 2062 XI,
803 1993 831 2050 6.
862 1993 893 2054 16
920 2008 1011 2064 genus
1033 1992 1133 2050 rudus.
1168 1991 1233 2061 XX,
1256 1992 1284 2050 3.

104 2077 206 2148 aliqua
236 2077 268 2135 id
300 2093 392 2148 genus
423 2077 523 2135 herba.
567 2076 626 2135 Cic.
652 2080 691 2138 ad
716 2078 778 2137 Att.
802 2079 850 2148 13,
879 2079 928 2150 12,
955 2079 974 2137 3
997 2077 1110 2149 aliquid
1131 2077 1163 2136 id
1185 2093 1285 2148 genus.

105 2163 192 2222 Varr.
220 2167 275 2221 sat.
300 2163 378 2221 Men.
405 2179 433 2233 p.
457 2164 527 2234 175,
551 2164 590 2220 22
618 2162 652 2220 R.
675 2169 705 2222 et
731 2163 848 2235 saepius
875 2163 906 2222 in
932 2163 1017 2221 libris
1044 2164 1080 2223 de
1106 2180 1139 2220 re
1164 2159 1285 2220 rustica.

105 2248 212 2306 Catuli.
231 2248 301 2320 114,
320 2249 339 2307 3
362 2248 488 2319 aucupia
511 2265 595 2307 omne
612 2264 712 2320 genus.
751 2249 823 2308 Hor.
842 2253 895 2307 sat
914 2251 942 2320 2,
961 2251 990 2319 6,
1008 2249 1057 2307 44.
1089 2248 1153 2308 Liv.
1173 2251 1200 2320 1,
1218 2249 1247 2318 8,
1265 2247 1284 2306 3

6 2361 8 2386 t
104 2333 293 2407 apparitores
315 2333 371 2392 hoo
393 2350 493 2406 genus.
536 2333 614 2392 Petr.
633 2337 682 2395 71.
705 2353 789 2394 omne
811 2351 903 2418 genus
925 2351 1020 2408 poma.
1036 2367 1075 2376 -

193 2436 289 2495 Plant
311 2436 418 2496 Bacch.
443 2441 470 2509 2,
493 2439 521 2508 3,
545 2439 605 2498 109
628 2438 684 2497 hoo
710 2438 815 2496 aetatis
838 2454 934 2497 senex.
970 2439 998 2508 5,
1022 2441 1049 2508 1,
1072 2437 1092 2494 4
1115 2435 1220 2495 444144
1242 2452 1288 2493 ma

106 2521 224 2582 aetatis.
257 2522 315 2582 mil
339 2523 368 2595 3,
391 2526 418 2594 1,
442 2524 482 2582 24
505 2524 582 2582 14144
603 2524 709 2583 4414114
732 2523 872 2583 homines.
906 2522 988 2581 Trin.
1011 2524 1039 2594 3,
1058 2524 1085 2593 3,
1104 2523 1144 2580 57
1163 2521 1219 2580 hoo
1241 2538 1287 2580 me

107 2609 224 2669 aetatis.
259 2609 326 2668 Ter.
350 2609 447 2668 heaut.
472 2613 498 2680 1,
519 2612 546 2680 1,
565 2611 605 2668 58
629 2627 682 2683 ego
705 2611 781 2669 istuc
799 2609 913 2672 aetatis.
948 2608 1008 2666 (lic.
1025 2625 1068 2680 pr.
1087 2607 1173 2666 Rosc.
1191 2606 1288 2665 Amor.

109 2695 159 2765 23,
184 2695 234 2754 64.
266 2694 349 2753 Verr.
371 2697 398 2764 1,
418 2697 466 2764 26,
485 2697 535 2755 26.
567 2698 595 2766 2,
615 2697 662 2767 14,
682 2698 732 2755 37.
756 2698 806 2767 37,
824 2697 862 2755 91
882 2694 919 2753 41.
943 2694 1006 2752 Liv.
1026 2696 1075 2764 10,
1093 2693 1143 2762 24,
1162 2695 1180 2752 6
1204 2711 1235 2751 44
1256 2693 1288 2752 16

109 2779 225 2838 4414114.
261 2779 329 2838 Tac.
355 2796 420 2838 ann.
443 2780 482 2851 V,
504 2783 523 2840 9
552 2779 582 2839 id
609 2782 716 2840 aetatis
744 2797 878 2853 corpora.
912 2779 996 2850 ΧΠΙ,
1021 2782 1060 2839 16
1082 2779 1160 2838 idem
1181 2777 1288 2837 aetatis

110 2865 237 2938 nobiles3
260 2863 394 2924 similiter
416 2882 482 2924 aun.
505 2865 573 2937 XII,
598 2869 636 2926 18
660 2884 743 2926 nemo
765 2866 797 2926 id
818 2864 1013 2925 auctoritatis.
1036 2897 1076 2906 -

196 2967 243 3026 Ab
270 2967 326 3026 hoc
352 2966 513 3027 accusativi
539 2985 595 3026 usu
622 2969 782 3028 abhorrere
809 2987 868 3028 non
893 2967 1012 3026 videtur
1033 2967 1126 3026 ‘virile
1148 2966 1289 3024 muliebre

111 3054 215 3113 secus':
238 3052 333 3111 Plaut.
355 3055 420 3113 rud.
444 3056 504 3113 107
528 3053 613 3113 virile
635 3071 718 3114 secus
740 3071 889 3126 nunquam
910 3054 1000 3111 ullum
1022 3053 1122 3112 habui.
1144 3085 1183 3096 -
1207 3051 1288 3110 Sem·

109 3157 194 3212 pron.
215 3138 305 3198 Asell.
322 3137 358 3196 fr.
379 3143 396 3198 7
414 3139 446 3198 Ρ.
465 3156 539 3210 eum,
561 3155 645 3211 quem
663 3139 749 3200 virile
767 3157 850 3199 secus
868 3145 930 3197 tum
948 3139 979 3198 in
997 3157 1032 3198 eo
1050 3143 1181 3211 ternpore
1198 3137 1288 3196 habe·

109 3226 175 3296 bat,
202 3223 326 3298 produci
352 3224 510 3284 iussit-
534 3225 645 3285 Siseuu.
673 3226 708 3285 fr.
731 3227 774 3286 80
794 3227 826 3286 P.
870 3226 943 3283 Tum
971 3225 1002 3282 in
1032 3242 1116 3283 muro
1142 3223 1228 3282 virile
1253 3240 1288 3281 ac

112 3312 254 3370 muliebre
281 3327 365 3370 secus
392 3311 493 3383 populi
520 3311 705 3371 multitudine
728 3312 806 3371 omni
830 3311 981 3370 collocata.
1004 3343 1044 3354 -
1068 3311 1136 3369 Sall.
1159 3309 1227 3368 bist.
1248 3308 1288 3370 Π.

112 3400 151 3456 23
173 3395 236 3472 (29)
258 3395 501 3456 concurrentibus
523 3397 652 3468 undique
673 3397 759 3456 virile
781 3403 811 3456 41
832 3397 973 3456 muliebre
996 3413 1078 3456 secus
1101 3393 1234 3467 pervias
1252 3412 1288 3454 44

110 3488 188 3542 14414
211 3481 353 3542 omnibus.
376 3515 416 3524 -
439 3481 503 3541 Liv.
526 3485 579 3554 26,
602 3484 642 3542 47
666 3482 842 3543 Liberorum
870 3483 1000 3555 capitum
1027 3481 1113 3540 virile
1139 3496 1222 3539 secus
1249 3481 1288 3543 46

112 3569 210 3627 decem
242 3567 323 3626 milia
350 3573 445 3640 capta.
472 3599 513 3610 -
540 3568 609 3626 Tac.
635 3569 703 3628 hist.
726 3569 765 3642 V,
793 3570 832 3629 13
859 3567 1074 3628 multitudinem
1102 3566 1287 3628 obsessorum

112 3654 206 3714 omnis
233 3653 339 3712 aetatis
365 3653 452 3712 virile
479 3657 509 3712 41
534 3654 676 3714 muliebre
699 3672 781 3714 secus
805 3659 938 3714 sescenta
959 3652 1040 3711 milia
1061 3650 1153 3712 fuisse
1174 3651 1287 3723 accepi-

111 3757 185 3799 mns.
208 3771 247 3782 -
270 3755 337 3797 ann.
359 3739 408 3810 IV,
431 3741 472 3800 62
496 3739 645 3799 adduxere
667 3741 747 3800 avidi
769 3740 873 3799 talium
890 3740 976 3799 uirile
993 3755 1028 3798 ac
1046 3738 1188 3800 muliebre
1206 3753 1288 3801 secus

111 3825 205 3884 omnis
228 3829 319 3883 aetas.
342 3857 381 3868 -
403 3825 499 3883 Amm.
522 3828 570 3897 16,
594 3830 642 3898 11,
665 3829 693 3886 9.
726 3829 774 3899 29,
798 3829 825 3897 6,
848 3827 877 3885 8.
901 3861 941 3872 -

195 3928 363 4000 Draegorus
393 3927 434 3986 ‘id
463 3927 528 4003 (hoc
556 3926 650 4003 omne)
675 3930 777 4000 genus'
804 3925 999 4000 appositionis
1027 3927 1093 3986 loco
1120 3925 1287 3986 nominibus

111 4013 182 4073 addi
200 4017 306 4083 censet,
329 4012 381 4071 sed
402 4011 443 4073 ‘id
464 4013 530 4090 (hoo
551 4012 638 4090 idem)
659 4015 775 4074 aetatis'
796 4032 816 4072 a
832 4011 978 4086 principio
996 4013 1124 4085 positum
1141 4013 1180 4071 ad
1198 4012 1289 4085 sigui·

5 4149 6 4184 ,
111 4097 257 4160 dcundum
278 4097 420 4171 temporis
439 4099 565 4171 spatium
587 4099 696 4160 lactum
715 4117 779 4160 esse
797 4098 881 4171 quasi
899 4098 1070 4158 adverbium
1087 4098 1187 4170 itaque
1204 4098 1289 4157 attri-

183 4335 204 4397 1)
221 4337 265 4386 cfr.
284 4336 344 4385 Brix
363 4337 395 4385 ad
413 4336 480 4386 Trin.
500 4335 557 4388 787.
585 4336 700 4386 lliihuast
718 4337 772 4389 Liv.
791 4338 860 4400 Syut.
879 4352 903 4400 p.
923 4333 981 4385 151.
1007 4335 1123 4398 Dracger.
1143 4334 1198 4382 llist
1217 4335 1286 4396 spur,

115 4401 131 4475 ξ
146 4405 169 4458 7.
188 4401 275 4472 §178
295 4430 326 4440 -
346 4405 415 4480 Synt.
434 4406 485 4454 und
505 4405 550 4458 Stil
569 4404 614 4455 des
633 4406 693 4455 Tuo.
711 4402 783 4472 §44
801 4433 834 4441 -
854 4402 1286 4466 971664444411144.44444411.
