3086 5096
556 327 764 391 ..47-

158 499 293 570 Sequitur
321 504 353 556 11
380 499 411 556 11
439 499 687 570 comparationem
713 519 861 574 vocemus¹
877 517 960 558 usum
988 497 1149 558 accusativi
1170 497 1250 558 inso-

74 586 180 644 lentius
207 584 402 657 appositionis
429 585 495 642 loco
521 586 628 643 adnexi
655 590 693 646 ad
720 591 814 646 totum
840 586 1030 646 enuntiatum.
1075 584 1146 642 Cum
1174 585 1251 642 eninr

76 673 176 730 Cicero
186 669 207 745 ¹)
230 669 376 742 superiori
398 670 559 730 sententiae
577 673 775 732 accusativum
793 690 848 744 pro
867 671 1052 742 appositione
1070 686 1129 726 non
1146 669 1249 728 adiun-

73 763 155 829 geret
182 757 239 814 nisi
262 756 292 814 in
314 756 424 814 iudicio
447 755 546 826 aliquo
569 758 724 818 adiciendo
745 759 815 834 (rem
840 755 987 817 difficilem
1006 771 1126 814 -rem
1148 755 1252 814 incon-

74 845 165 902 ditam
188 847 217 900 et
239 840 285 917 al.)
314 841 470 900 Sallustius
493 841 671 902 Graecorum
699 860 779 903 more
802 842 897 914 coepit
920 858 985 900 eum
1007 841 1114 900 addere
1137 845 1252 899 senten-

73 930 133 988 tiae
161 928 307 999 superiori
334 927 423 986 etiam
450 929 489 986 ad
517 927 740 999 significandum
762 934 792 988 11
813 927 946 986 effectum
968 932 998 985 et
1019 925 1105 984 finem
1127 925 1253 984 actionis

73 1015 156 1074 verbi
189 1014 372 1072 enuntiatum
400 1013 534 1083 superius
561 1016 702 1086 regentis,
734 1033 752 1073 a
779 1031 836 1086 quo
863 1013 1047 1072 accusativus
1074 1016 1160 1083 aptus
1189 1027 1254 1070 esse

74 1101 223 1173 putandus
251 1103 303 1156 est.
348 1099 411 1169 Quo
439 1098 469 1156 in
496 1116 551 1158 usu
579 1116 642 1157 curn
671 1101 722 1158 alii
745 1117 809 1158 eum
833 1099 925 1158 111111
948 1102 1023 1168 1111,
1046 1103 1108 1155 tum
1129 1097 1255 1156 maxime

74 1187 207 1244 Tacitus:
231 1185 299 1244 Sall.
317 1184 386 1242 hist.
403 1183 428 1241 Ι.
447 1185 487 1241 41
506 1183 573 1260 (45),
594 1187 632 1243 12
656 1187 750 1257 plebis
772 1185 910 1244 innoxiae
932 1184 1044 1255 patrias
1063 1184 1147 1241 sedes
1166 1199 1251 1241 occu-

75 1289 184 1345 pavere
213 1271 300 1343 pauci
333 1270 486 1340 satellites,
517 1273 677 1330 mercedem
710 1273 858 1330 scelerum.
899 1270 966 1327 hist.
993 1267 1043 1327 IV.
1071 1270 1109 1327 61
1134 1267 1202 1346 (19),
1225 1269 1254 1327 Β.

29 1395 32 1400 ·
73 1351 234 1417 Eumenem
265 1355 350 1413 initio
382 1356 540 1427 prodidere
570 1357 729 1428 Antiocho,
760 1357 841 1428 pacis
873 1356 1043 1414 mercedem.
1092 1354 1160 1412 Tac.
1188 1354 1254 1412 hist.

75 1444 126 1516 IV,
151 1445 189 1503 19
218 1441 344 1514 pretium
372 1441 486 1500 itineris
510 1441 678 1500 donativum
703 1475 740 1484 -
764 1442 955 1514 postulabant
977 1458 1035 1498 non
1058 1444 1091 1499 ut
1113 1441 1255 1511 adseque-

75 1535 186 1599 rentur,
210 1529 261 1588 sed
285 1544 402 1585 causam
425 1527 571 1586 seditioni.
609 1545 676 1587 ann.
697 1527 720 1599 I,
740 1531 779 1588 27
802 1545 904 1586 manus
928 1527 1114 1595 intentantes,
1137 1541 1256 1583 causam

77 1614 245 1674 discordiae
272 1619 300 1671 11
322 1613 438 1671 initium
461 1630 617 1671 armorum.
652 1632 718 1672 ann.
741 1613 780 1685 H,
804 1615 845 1672 64
868 1612 1023 1671 excindere
1045 1611 1165 1669 castella
1188 1627 1255 1668 cau-

78 1719 126 1846 ι1191
149 1701 248 1846 1ἐ16110.Ι
249 1731 298 1843 ᾇ-
308 1699 399 1843 1131111
420 1698 488 1756 hist.
511 1698 535 1769 I,
554 1699 603 1756 44.
623 1702 672 1758 72.
703 1699 757 1770 III,
781 1702 829 1759 61.
861 1698 911 1770 IV,
931 1699 979 1757 18.
1012 1695 1119 1768 1111,
1139 1697 1187 1756 30.
1206 1697 1256 1754 35.

164 1939 222 1998 Sed
243 1942 442 2010 agnoscuntur
460 1937 556 1995 Taciti
579 1939 677 1997 studia
700 1939 876 1998 Sallustiana
899 1955 957 1996 non
980 1935 1123 1995 orationis
1141 1938 1255 1993 tantum

76 2045 112 2086 ex
136 2024 340 2095 similitudine,
368 2026 419 2082 sed
445 2024 533 2081 etiam
555 2024 646 2082 multo
668 2025 762 2095 magis
784 2041 820 2082 ex
841 2023 979 2081 universa
1001 2020 1186 2081 describendi
1208 2036 1256 2076 ra-

10 2149 11 2192 )
76 2115 171 2182 11111,
198 2110 355 2182 praecipue
381 2108 411 2167 in
433 2109 580 2182 Agricola,
603 2126 688 2181 quem
710 2110 818 2194 librum
839 2125 941 2167 recens
963 2125 982 2166 a
1004 2107 1102 2167 studio
1125 2104 1258 2163 Sallustii

10 2207 11 2212 ’
76 2198 195 2256 videtur
218 2196 425 2267 composuisse.
461 2195 561 2266 Neque
584 2195 779 2268 digressiones
802 2199 832 2252 et
853 2194 1011 2253 historicae
1033 2197 1063 2252 et
1080 2190 1254 2263 geographi·

76 2300 141 2353 cae,
170 2299 241 2354 quas
265 2281 403 2352 operibus
425 2280 613 2353 interposuit,
640 2282 772 2341 Sallustii
794 2297 883 2351 genus
906 2279 1047 2338 narrandi
1069 2295 1127 2336 non
1149 2291 1254 2346 magno

77 2385 169 2442 opere
190 2368 331 2425 redolent.
366 2366 605 2438 Librosaliquot
623 2366 702 2439 ipsos
721 2367 840 2426 Tacitus
859 2365 1005 2438 disposuit
1022 2365 1060 2423 ad
1079 2363 1141 2420 cius
1159 2378 1255 2419 exem-

76 2456 167 2527 plum.
204 2453 261 2511 Sed
284 2453 411 2510 omnium
434 2451 558 2511 maxime
581 2453 711 2512 Sallustii
730 2453 857 2511 imitatio
876 2451 1006 2510 cernitur
1023 2450 1054 2508 in
1072 2447 1255 2508 orationibus

78 2544 170 2612 atque
192 2537 373 2610 singulorum
396 2537 545 2597 bominum
567 2539 597 2596 in
620 2539 875 2611 descriptionibus.
899 2569 938 2580 -

338 2719 381 2786 A.
414 2721 464 2786 111
487 2721 667 2789 librorum
690 2719 999 2805 dispositionibus.

170 2846 337 2918 Sallustius
363 2845 534 2917 priusquam
561 2845 719 2905 ‘historias'
745 2863 818 2918 opus
845 2843 1031 2918 potissimum
1058 2840 1187 2900 scribere
1209 2857 1261 2912 ag·

80 2934 268 3004 grederetur,
297 2949 315 2989 a
341 2931 502 2990 minoribus
529 2931 613 2990 libris
641 2949 725 2991 orsus
753 2931 823 3003 quid
849 2933 880 2990 in
901 2929 1027 2989 historia
1050 2926 1262 2986 conscribenda

79 3023 195 3090 posset,
226 3022 363 3090 expertus
391 3022 443 3076 111.
487 3017 589 3089 Neque
614 3022 712 3076 tamen
739 3017 769 3075 in
792 3014 918 3075 Catilina
945 3031 1039 3086 neque
1065 3012 1096 3070 in
1118 3010 1262 3081 iugurtha

81 3109 129 3162 est
156 3119 225 3163 vere
251 3103 410 3162 historicus
433 3135 472 3146 -
497 3120 670 3175 quamquam
697 3103 754 3161 iam
777 3104 870 3175 magis
892 3103 922 3158 in
945 3100 1001 3159 hoc
1023 3098 1099 3157 libro
1123 3113 1209 3169 quam
1231 3096 1262 3154 11

9 3241 10 3254 .
81 3190 135 3248 illo
159 3221 199 3233 -
223 3191 274 3248 sed
301 3189 442 3248 librorum
470 3189 643 3261 compositio
670 3193 700 3248 et
726 3189 880 3247 exornatio
902 3203 999 3245 rerum
1021 3189 1159 3255 totusque
1182 3182 1262 3240 color

9 3273 10 3288 ¹
80 3291 194 3333 morem
216 3291 337 3346 praese
358 3273 457 3332 ferunt
478 3275 665 3333 rhetoricum.
700 3273 831 3344 Accedit,
853 3273 932 3346 quod
955 3269 1173 3343 egressionibus
1192 3285 1261 3326 ora·
1325 3270 1329 3276 '

9 4353 10 4360 ‘
58 4370 64 4478 1

79 3361 271 3432 tionibusque
293 3359 437 3418 Catilinae
459 3359 576 3432 quidem
598 3359 692 3419 maior
713 3376 783 3431 pars
805 3360 947 3431 expletur.
981 3357 1055 3415 Nam
1079 3355 1262 3426 incipiensa

80 3445 238 3517 principio,
262 3446 340 3517 quod
363 3445 437 3503 nihil
454 3447 492 3504 ad
509 3445 663 3504 historiam
683 3450 796 3517 spectat
813 3443 845 3516 (c.
866 3443 964 3518 1-2),
983 3446 1137 3514 postquam
1157 3438 1262 3498 deinde

82 3533 120 3589 dc
144 3547 175 3589 se
202 3536 232 3589 11
256 3531 382 3590 historia
407 3529 557 3608 (1.3-4)
584 3531 723 3589 disseruit
745 3530 946 3602 Catilinaeque
972 3543 1067 3587 mores
1095 3523 1261 3582 accuratius

82 3615 214 3675 ostendit
235 3615 268 3692 (c.
292 3616 333 3692 5),
360 3617 477 3688 longam
500 3618 695 3688 egressionem
718 3618 754 3676 de
776 3616 905 3675 civitatis
927 3613 1071 3682 moribus,
1099 3609 1263 3668 cuiusmodi

81 3703 153 3761 inde
175 3718 194 3759 a
215 3701 377 3772 primordio
399 3703 481 3762 urbis
503 3703 636 3773 fuissent,
659 3701 793 3761 adiunxit
813 3699 846 3778 (o.
870 3697 995 3773 6-13):
1018 3695 1183 3755 narrationi
1204 3694 1263 3767 ipsi

82 3787 210 3846 inseruit
232 3787 381 3846 orationes
404 3787 548 3848 Catilinae
571 3790 643 3847 duas
661 3787 694 3866 (c.
714 3789 843 3846 20111.
863 3785 912 3861 58)
931 3784 1002 3842 satis
1021 3784 1123 3854 longas
1142 3787 1171 3839 11
1190 3780 1263 3839 Cac-

83 3873 160 3932 saris
187 3877 275 3944 atque
297 3872 418 3931 Catonis
445 3875 662 3945 copiosissimas
687 3872 720 3951 (c.
743 3874 781 3930 51
812 3867 1030 3943 111.52).-
1055 3866 1208 3938 Iam,vero
1232 3866 1263 3923 in

82 3958 229 4030 iugurtha
251 3957 427 4030 principium
447 3956 481 4032 (c.
501 3958 593 4033 1-4)
615 3977 672 4018 111
695 3960 818 4017 multum
840 3954 1026 4029 aprooemio
1045 3952 1188 4011 Catilinae
1210 3951 1262 4010 ab·

82 4046 207 4103 horrere
229 4044 287 4103 ianr
305 4044 471 4102 Eussnerus
493 4045 614 4104 monuit.
649 4043 757 4104 Rerum
780 4042 879 4102 cursui
900 4040 1092 4113 interpositae
1111 4043 1263 4097 1111111-

83 4131 182 4188 tiones
212 4130 355 4202 Micipsae
384 4128 417 4206 (c.
447 4128 495 4205 10)
526 4134 556 4189 11
587 4129 764 4189 Adherbalis
790 4128 823 4196 (c.
851 4126 901 4203 14)
932 4127 1119 4197 eiusdemque
1145 4123 1263 4180 litterae

83 4213 118 4291 (1.
144 4214 202 4290 24),
225 4216 330 4275 deinde
352 4215 482 4287 egressio
505 4215 542 4274 de
564 4215 623 4274 situ
640 4213 759 4273 Africae
780 4213 813 4288 (c.
838 4211 971 4288 17-19)
993 4216 1023 4271 11
1040 4209 1170 4268 Memmii
1194 4224 1262 4266 con-

159 4367 179 4431 1)
198 4367 241 4420 cu.
260 4369 365 4431 naovrg
383 4366 415 4416 ce
434 4365 475 4418 sn.
493 4364 586 4426 xxm,
605 4365 641 4418 71
656 4382 680 4430 p.
694 4365 752 4418 268.
