3086 5096
787 327 996 392 ...48-

305 499 484 576 eisteti).
526 501 571 560 De
597 501 725 560 ciritatIs
753 501 884 560 moribus
912 503 1014 559 eodem
1040 499 1102 558 lere
1128 501 1215 560 modo
1238 501 1399 560 Sallustius
1430 503 1485 560 dis·

304 588 420 658 putavit
441 587 471 645 iu
493 586 638 658 Iugurtha
658 587 692 660 (e.
714 587 858 660 41-43),
880 603 938 658 quo
956 586 986 643 in
1005 585 1131 644 Catilina
1147 587 1181 660 (c.
1202 589 1242 646 10
1260 587 1338 660 sqql.
1374 586 1486 658 Egres-
1510 637 1511 660 ,

306 672 417 732 sionem
448 672 572 745 denique
603 673 640 732 de
665 671 813 732 Philaenis
843 671 985 731 fratribus
1015 671 1049 746 (c.
1074 671 1123 747 79)
1148 677 1178 730 et
1203 671 1293 731 Marii
1320 669 1511 731 orationenl

306 757 455 831 copiosam
485 758 519 833 (c.
542 757 592 834 85)
618 757 754 817 attulisse
785 759 857 818 satis
885 757 989 820 habeo.
1016 788 1056 800 -
1084 757 1119 816 In
1146 757 1279 818 historiis
1305 751 1511 870 principiani

305 843 456 915 eiusmodi,
483 846 562 916 quod
589 849 635 903 est
660 843 690 902 iu
716 844 801 904 libris
828 843 1004 914 minoribus,
1030 842 1206 914 requiriuus
1215 841 1248 920 1);
1274 843 1382 915 incipit
1413 845 1511 900 enin*

307 929 475 988 Sallustius:
506 929 572 988 ‘Res
598 929 701 1002 populi
722 929 848 990 Romani
869 929 910 988 hl.
932 929 1045 1002 Lepido
1068 929 1102 1000 Q.
1124 929 1227 989 Catulo
1256 930 1435 988 consulibus
1458 947 1489 986 ac

306 1015 412 1074 deinde
434 1014 556 1074 militiae
578 1021 608 1074 et
629 1015 709 1076 domi
731 1021 829 1086 gestas
852 1015 1020 1088 composui’.
1054 1013 1168 1073 Deinde
1189 1015 1320 1087 loquitur
1342 1015 1381 1074 de
1407 1033 1441 1073 se
1463 1021 1489 1072 et
1510 1053 1511 1060 .

306 1100 431 1160 historia
447 1099 493 1177 (ir.
512 1102 594 1160 2-5
612 1099 658 1174 D.)
675 1117 769 1173 neque
786 1100 983 1174 egressionem
1002 1100 1039 1160 de
1056 1099 1185 1158 civitatis
1202 1101 1334 1159 moribus
1353 1106 1490 1174 praeter·

307 1186 398 1245 miltit
417 1184 463 1262 (fr.
486 1186 609 1263 6-14),
636 1192 776 1260 quantum
799 1204 835 1246 ex
856 1184 1028 1258 fragmentis
1051 1185 1185 1244 conicere
1206 1188 1282 1245 licet.
1327 1186 1490 1258 Egressio-

306 1289 372 1330 nem
398 1271 623 1345 geographicam
650 1273 812 1345 reperimus
834 1273 911 1332 libro
933 1271 1022 1330 tertio
1044 1269 1089 1346 (fr.
1113 1271 1262 1347 41-46),
1289 1289 1366 1343 quae
1391 1289 1492 1343 egres·

307 1358 352 1416 sio
374 1375 393 1415 a
414 1358 563 1417 veteribus
581 1359 702 1432 proprio
721 1359 838 1417 nomIne
855 1359 994 1418 laudatur
1011 1357 1057 1416 ‘de
1075 1357 1133 1416 situ
1151 1356 1257 1417 Ponti'.
1292 1358 1491 1418 Orationibus

306 1460 376 1502 vero
400 1459 486 1514 quam
508 1460 642 1516 magnam
666 1444 780 1504 dederit
802 1460 921 1516 operam
943 1444 1032 1502 etiam
1054 1442 1085 1500 iu
1107 1443 1252 1515 historiis,
1280 1461 1316 1502 ex
1337 1443 1390 1514 iis,
1418 1461 1494 1515 quae

306 1529 345 1587 ad
368 1546 421 1588 nos
443 1533 648 1603 pervenerunt,
677 1529 763 1589 facile
785 1529 980 1602 eognoseItur.
1023 1528 1059 1587 In
1081 1529 1249 1588 uniuersum
1270 1529 1362 1601 igitur
1387 1531 1511 1628 dispo-p

288 1615 443 1674 sillodam
465 1632 565 1686 parem
588 1616 722 1675 omnihus
745 1617 775 1674 iu
797 1616 882 1674 librIs
905 1618 1021 1674 secutus
1043 1618 1096 1686 est,
1118 1614 1175 1673 nisi
1198 1615 1276 1687 quod
1294 1614 1446 1674 historias
1466 1615 1511 1672 in:

307 1701 424 1759 modum
447 1700 595 1760 annalium
617 1718 670 1774 per
692 1701 823 1774 singulos
845 1717 939 1760 annos
962 1699 1092 1772 digessit.

393 1786 520 1857 Tacitus,
544 1785 593 1858 qui
611 1787 675 1860 ipse
692 1804 807 1859 quoque
825 1786 985 1858 exemplum
1005 1785 1136 1844 Sallustii
1155 1790 1271 1845 secutus
1288 1785 1375 1845 initio
1396 1786 1495 1844 mino·

308 1871 392 1930 ribus
415 1872 446 1929 in
469 1872 586 1944 scriptis
605 1873 746 1943 substitit,
767 1874 844 1932 hanc
862 1873 924 1931 eius
943 1871 1165 1944 dispositionem
1184 1870 1278 1943 primo
1296 1871 1375 1930 libro
1395 1873 1495 1930 histo-

308 1957 384 2026 rico,
411 1974 496 2028 quem
522 1958 643 2032 scripsit
669 1959 705 2018 de
726 1958 883 2029 Agricolae
909 1957 970 2020 vita
987 1963 1025 2036 ¹et
1051 1956 1196 2027 moribus,
1222 1957 1308 2030 plene
1330 1957 1421 2029 quasi
1445 1975 1494 2016 eu-

309 2042 430 2114 pressit,
456 2043 488 2102 id
515 2045 593 2115 quod
619 2045 678 2102 iam
700 2044 738 2102 ah
760 2043 910 2103 Eussnero
932 2043 1111 2102 intellectum
1133 2059 1225 2115 nuper
1247 2043 1285 2102 ab
1307 2043 1496 2115 Urlichs102)

308 2129 526 2188 accuratissime
548 2134 617 2188 aute
640 2130 739 2189 oeulos
762 2129 847 2189 nobis
869 2128 998 2202 positum
1021 2134 1077 2199 est,
1101 2145 1187 2200 quam
1210 2128 1247 2188 ob
1270 2145 1331 2186 rem
1353 2129 1387 2186 in
1412 2146 1494 2187 corn-

307 2213 624 2288 paratiouemvowbo
646 2217 847 2275 tantummodo
870 2231 917 2286 ea,
948 2231 1023 2287 quae
1043 2213 1164 2273 maloris
1187 2219 1254 2272 sunt
1275 2215 1430 2273 momenti
1455 2247 1493 2255 -

307 2299 378 2370 Agr.
396 2317 420 2357 c.
440 2302 522 2360 1-3
536 2327 579 2350 =
593 2300 657 2361 Cat.
679 2302 772 2361 3-4,
810 2301 854 2372 Ig.
873 2301 966 2372 3-4,
983 2301 1035 2360 ubi
1053 2300 1118 2374 pari
1136 2300 1223 2359 modo
1242 2299 1279 2358 de
1297 2316 1328 2358 se
1346 2301 1493 2376 etbisto-

307 2385 353 2443 ria
376 2384 532 2445 disserunt.
568 2387 638 2458 Agr.
661 2402 686 2446 e.
708 2387 728 2445 4
751 2403 813 2459 sqq.
827 2412 871 2436 =
887 2386 949 2446 Cat.
972 2404 996 2444 o.
1019 2388 1047 2444 5.
1073 2385 1116 2458 lg.
1139 2402 1164 2443 o.
1186 2385 1204 2443 5
1229 2401 1300 2456 sqq,
1321 2385 1373 2444 ubi
1394 2386 1494 2445 Sallu·

308 2471 383 2530 stius
411 2470 556 2530 Catilinae
582 2476 612 2531 et
633 2471 805 2545 Iugurthae,
832 2471 953 2532 Tacitus
979 2471 1136 2543 Agricolae
1161 2487 1256 2530 mores
1283 2475 1316 2528 et
1339 2470 1494 2543 ingenium

308 2557 497 2615 demonstrat.
533 2555 730 2616 conferantur
752 2559 878 2617 maxime
895 2560 965 2630 Agr.
988 2575 1013 2616 c.
1032 2558 1050 2616 5
1067 2556 1115 2632 (de
1132 2555 1288 2628 Agricolae
1305 2553 1495 2628 rudimentis)

309 2659 373 2700 cum
401 2642 445 2712 Ig.
468 2644 535 2724 ⁰25
561 2642 607 2719 (de
632 2643 792 2716 Iugurthae
818 2633 985 2718 iuventute).
1012 2675 1051 2685 -
1079 2642 1150 2713 Agr.
1178 2658 1201 2700 c.
1229 2643 1354 2700 10-17
1378 2669 1425 2692 =
1451 2642 1494 2711 Ig.

310 2729 449 2796 17-19,
476 2729 526 2786 ubi
549 2729 704 2790 Sallustius
732 2731 768 2788 de
796 2729 855 2788 situ
878 2728 1010 2800 Africae,
1032 2728 1152 2787 Tacitus
1176 2728 1211 2786 de
1233 2729 1292 2786 situ
1312 2726 1367 2784 Bru
1403 2727 1494 2786 nniae

308 2815 476 2884 loquuntur.
493 2845 531 2856 -
552 2814 622 2886 Agr.
640 2831 664 2873 a.
685 2816 810 2874 31-33
828 2813 987 2892 (orationes
1006 2814 1125 2885 Calgaci
1143 2818 1173 2872 et
1190 2810 1355 2888 Agricolae)
1367 2838 1412 2862 =
1428 2813 1494 2871 Cat.

308 2899 433 2958 51—52
447 2897 606 2974 (orationes
621 2900 755 2959 Caesaris
769 2891 800 2959 et
809 2899 946 2976 Catonis).
968 2900 1039 2972 Agr.
1053 2915 1077 2956 c.
1088 2900 1213 2957 35-38
1222 2925 1264 2948 =
1275 2898 1337 2956 Cat.
1349 2899 1491 2966 59-60,

307 2983 359 3041 ubi
381 2983 494 3055 proelia
515 2985 731 3063 describuntur,
752 3003 810 3058 qna
827 2985 932 3058 proelii
950 2986 981 3043 in
999 2984 1196 3056 descriptione
1213 2984 1333 3042 Tacitus
1353 2982 1491 3042 Sallustii

307 3069 402 3127 locum
424 3069 477 3144 (lg.
496 3072 565 3142 101,
590 3069 639 3145 11)
660 3071 691 3129 in
713 3088 797 3130 usum
820 3089 903 3130 suum
926 3070 1079 3129 conuertit.
1103 3103 1142 3112 —
1508 3061 1509 3074 ¹

272 3194 274 3200 -
392 3155 485 3214 Libro
505 3156 541 3215 de
560 3156 717 3215 Germania
734 3157 823 3216 misso
841 3162 1025 3215 transeamus
1043 3156 1082 3215 ad
1099 3154 1249 3226 historias,
1267 3171 1390 3226 quarum
1407 3153 1509 3212 11111111

308 3240 464 3312 dispositio
486 3257 545 3300 non
567 3241 609 3299 ita
631 3243 752 3300 multum
775 3260 794 3300 a
815 3243 953 3302 Sallustio
976 3242 1124 3301 abhorret.
1164 3239 1277 3299 Nomen
1295 3240 1508 3318 historiarum,

307 3343 375 3384 uum
397 3327 436 3386 ad
454 3327 617 3399 exemplum
635 3327 774 3399 Sallustii,
793 3329 824 3388 id
841 3329 920 3400 quod
937 3324 1124 3401 Teuffelius⁸J
1140 3324 1243 3399 voluit,
1264 3325 1384 3384 Tacitus
1404 3324 1491 3397 operi

309 3429 361 3471 suo
384 3411 512 3484 dederit,
539 3429 713 3484 quamquam
735 3431 788 3486 per
810 3431 841 3472 se
863 3413 1102 3485 probabilitatem
1124 3411 1252 3482 aliquam
1274 3412 1376 3483 habet,
1405 3416 1508 3526 certo,

308 3498 463 3559 diiudicari
486 3515 544 3558 non
566 3502 673 3570 potest,
695 3501 831 3571 quoniam
853 3503 971 3571 praeter
993 3497 1163 3557 Sallustium
1181 3496 1215 3555 L.
1238 3513 1353 3568 quoque
1376 3496 1508 3556 Corne-¹

306 3583 364 3643 lius
386 3584 522 3656 Sisenna,
549 3599 634 3656 quem
656 3584 790 3643 Tacitum
816 3585 922 3656 legisse
949 3589 1059 3642 eertum
1087 3588 1132 3642 est
1156 3581 1234 3658 (hist.
1256 3581 1311 3652 ΠΙ,
1334 3579 1398 3656 51),
1420 3581 1488 3639 Asi-

307 3670 373 3727 nius
394 3670 490 3730 Pollio
512 3669 574 3746 (cfr.
596 3687 662 3728 ann.
684 3669 735 3742 IV,
759 3668 809 3745 34)
831 3670 949 3729 Cluvius
971 3668 1065 3729 Rufus
1086 3668 1162 3744 (aun.
1186 3667 1267 3738 XIII,
1287 3669 1335 3726 20.
1359 3667 1437 3737 XIV,
1460 3665 1488 3736 2)

308 3770 398 3825 opera
424 3773 477 3814 sua
503 3756 643 3815 historIas
670 3756 898 3828 appellaverunt.
921 3789 961 3800 -
986 3755 1120 3813 Ceterum
1148 3752 1336 3811 conferantur
1359 3751 1487 3824 disposi-

308 3839 403 3900 tiones
425 3840 576 3913 librorum,
599 3857 722 3914 quarum
743 3843 831 3900 modo
855 3841 964 3900 similes
987 3845 1086 3913 partes
1110 3843 1213 3898 contra
1235 3839 1329 3911 posui.
1353 3871 1392 3880 -

308 3967 512 3976 -———-.—-—

378 4023 398 4086 1)
416 4025 459 4076 cir.
478 4027 542 4078 Tell.
561 4025 591 4083 ll,
609 4028 651 4078 36.
679 4028 814 4079 Sallustius
828 4026 853 4075 iu
869 4027 997 4090 principiis
1011 4027 1096 4076 statim
1108 4024 1265 4088 Thucydidis
1279 4015 1404 4072 aemulum
1424 4023 1483 4085 egit,

307 4094 343 4142 ita
360 4101 388 4142 ut
406 4093 551 4156 simpliciter
568 4096 635 4155 quod
654 4096 702 4146 sibi
721 4096 825 4158 elegerit
843 4095 941 4144 initium
960 4093 1084 4144 scribendi
1099 4091 1251 4155 signiticaret
1264 4107 1345 4155 neque
1358 4107 1403 4155 pro
1416 4093 1482 4142 illius

308 4161 362 4210 aevi
385 4175 454 4210 more
476 4161 668 4224 philosophandi
690 4165 775 4214 studio
793 4164 958 4226 abriperetur,
981 4163 1006 4211 id
1026 4163 1093 4225 quod
1111 4163 1137 4210 ln
1156 4161 1293 4210 minoribus
1312 4161 1366 4209 eius
1385 4159 1482 4225 sculptis

307 4244 355 4281 nou
373 4230 408 4279 ita
426 4238 526 4279 cautum
544 4231 666 4281 videmus.
1442 4288 1446 4294 Ι
1503 4247 1506 4322 ι

377 4297 398 4358 ς)
415 4297 452 4346 De
469 4299 528 4350 Tac.
547 4299 589 4348 vit.
608 4306 632 4348 et
649 4299 735 4350 bonor.
754 4317 777 4362 p.
796 4299 829 4348 22
848 4315 886 4362 sq.

378 4367 400 4433 8)
416 4364 603 4432 Uehersetzung
621 4368 665 4417 des
683 4369 742 4418 Tac.
760 4385 784 4431 p.
805 4368 862 4418 131.
