3086 5096
583 440 796 505 ..41-

85 611 237 673 Ovidium
259 613 510 687 circumplaudere
532 615 609 685 alqd.
630 613 729 690 (Τ1144.
747 615 776 685 4,
795 616 822 684 2,
841 612 899 689 49),
923 615 1002 696 apud
1019 610 1135 672 Livium
1155 611 1278 672 circum-

85 700 191 758 colere
215 701 276 778 (15,
300 701 349 772 33,
373 703 422 760 10.
456 701 505 771 31,
528 700 578 771 41,
597 699 627 776 4)
650 699 797 772 -equitare
813 697 874 775 (10,
893 699 942 770 34,
962 697 990 773 7)
1007 700 1129 758 -vadere
1146 701 1223 770 alqd.
1240 699 1278 775 (9,

85 786 139 856 40,
166 786 212 844 13
236 784 292 860 41.).
336 786 447 845 Seneca
472 785 584 857 primus
611 785 700 844 habet
728 785 970 856 circumstrepere
990 785 1036 861 (de
1057 785 1108 844 vit.
1130 785 1207 844 beat.
1232 787 1280 843 11.
1405 799 1409 807 ·

85 871 161 929 Tac.
193 871 264 931 hist.
286 869 329 942 Π,
352 872 394 928 44
421 873 535 943 legatus
558 870 819 942 circumstrepitnr.
864 870 948 944 Apul.
971 871 1047 943 apol.
1072 871 1110 929 75
1134 869 1280 929 fenestrae

85 956 375 1034 circumstrepitae),
402 956 635 1036 circumfremere
661 955 749 1033 (cons.
776 956 815 1015 ad
841 957 933 1015 Marc.
957 959 989 1026 7,
1012 955 1040 1031 2)
1062 957 1281 1014 circumlatrare

81 1040 170 1116 (ibid.
203 1043 258 1111 22,
289 1040 318 1117 3)
344 1043 421 1114 alqd.
451 1074 489 1085 -
517 1041 625 1101 Postea
657 1042 725 1101 novi
755 1057 814 1100 non
844 1043 967 1100 multum
994 1041 1168 1114 invenimus,
1199 1042 1278 1113 apud

83 1127 230 1186 Tacitum
253 1131 283 1186 et
304 1127 431 1185 Plinium
453 1127 536 1186 nihil.
555 1159 595 1170 -
613 1126 716 1199 Neque
732 1129 824 1187 verba
842 1143 906 1185 cum
924 1126 1194 1200 praepositionibus
1212 1143 1278 1199 per-

82 1217 324 1282 praatar-trans
355 1213 518 1285 composita
548 1214 635 1283 vulgo
668 1229 732 1271 cum
762 1214 931 1271 accusativo
962 1229 1022 1273 non
1052 1213 1278 1283 coniunguntur,

84 1313 220 1368 quorum
254 1302 353 1356 tamen
380 1315 476 1370 usum,
504 1315 568 1356 cum
595 1297 633 1355 ad
661 1298 860 1370 quaestionem
888 1303 1020 1357 nostram
1046 1297 1120 1356 nihil
1148 1295 1280 1368 afferant,

84 1385 275 1458 supersedeo
298 1384 466 1443 accuratius
490 1381 699 1443 demonstrare.

181 1469 292 1528 Rarius
322 1469 435 1528 accedit
461 1469 646 1529 accusativus
668 1469 707 1528 ad
730 1468 820 1528 verba
842 1486 907 1528 cum
930 1468 1199 1542 praepositionibus
1222 1469 1278 1528 ad-

13 1605 14 1610 ,
90 1547 694 1628 ante-praeit-inter·ob·sub·subter
717 1555 888 1626 composita.

187 1639 216 1715 1)
238 1641 285 1699 ad
324 1641 444 1699 Veteres
467 1657 532 1700 cum
554 1641 721 1700 accusativo
741 1640 922 1713 coniungunt
940 1647 1057 1714 praetor
1074 1641 1165 1700 verba
1182 1639 1282 1699 ‘adire’

13 1753 14 1782 r
90 1733 121 1785 et
145 1725 292 1799 ‘aggredi'
314 1727 402 1798 vulgo
426 1726 470 1784 ita
491 1731 633 1798 usurpata
651 1727 736 1785 haec:
758 1727 892 1785 accidere
908 1726 1005 1786 Plaut.
1024 1727 1108 1786 stich.
1128 1727 1168 1785 88
1187 1743 1281 1784 aures.

88 1811 184 1871 Lucr.
214 1813 248 1882 5,
272 1813 334 1870 608
365 1812 513 1871 interdum
545 1817 657 1883 segetes
689 1811 886 1883 stipulamque
915 1812 1047 1871 videmus
1074 1812 1216 1871 Accidere
1246 1828 1282 1869 ex

13 1913 14 1936 .
86 1899 159 1957 viva
197 1897 326 1956 scintilla
357 1896 494 1957 incendia
520 1898 639 1970 passim.
663 1931 702 1939 -
726 1896 906 1956 accumbere.
931 1897 1026 1956 Plaut.
1053 1897 1130 1955 Men.
1158 1915 1184 1955 v.
1208 1897 1280 1956 476.

12 2019 14 2050 v
89 1984 191 2042 1144.
228 1982 335 2042 Bacch.
365 1983 458 2042 1189.
502 1982 562 2040 Act.
585 1987 622 2042 tr.
644 2000 671 2041 v.
696 1984 766 2041 218.
810 1981 902 2042 Lucil.
928 1983 979 2041 lib.
1002 1981 1086 2042 XIII.
1110 2000 1135 2040 v.
1160 1984 1176 2041 7
1201 1999 1280 2040 111411-

89 2087 171 2141 sam,
197 2073 336 2127 scortum.
361 2101 400 2110 —
425 2067 569 2126 accubare
594 2068 689 2127 Plaut.
711 2067 818 2127 Bacch.
843 2070 882 2127 72
911 2072 1047 2127 4441411111.
1066 2100 1106 2110 -
1126 2067 1281 2127 adhinnire

91 2154 194 2215 Plaut.
214 2186 253 2196 -
273 2155 406 2212 accolere
423 2153 513 2212 Naev.
532 2186 572 2196 -
591 2154 737 2213 accedere.
773 2152 867 2212 Huius
885 2153 969 2213 verbi
982 2157 1159 2212 structuram
1173 2152 1282 2210 transi·
1375 2161 1380 2170 “

93 2240 192 2298 tivam
216 2245 339 2312 propter
361 2239 572 2312 Nipperdeium
594 2240 633 2298 ad
655 2256 721 2298 ann.
743 2238 812 2308 XII,
834 2240 884 2310 31,
907 2241 975 2297 244
992 2235 1210 2313 0144341141),
1233 2237 1283 2309 qui

12 2379 13 2398 ,
92 2332 166 2386 41144
194 2325 329 2383 Tacitum
357 2325 600 2398 eamrindicant
621 2324 749 2384 Vamoni
771 2325 880 2398 Nepoti
902 2324 1040 2385 Sallustio
1067 2323 1150 2395 solis,
1177 2340 1281 2381 moneo

12 2413 13 2460 l
92 2414 196 2469 multo
216 2411 333 2482 saepius
350 2410 489 2469 inveniri:
511 2410 605 2469 Plaut.
624 2415 708 2469 most.
727 2410 798 2470 674.
820 2409 907 2482 Epid.
923 2411 983 2469 149
1001 2407 1167 2486 (periclum).
1190 2407 1282 2467 Lucil.

94 2497 149 2556 lib.
176 2494 231 2554 ΙΙΙ.
254 2513 280 2555 v.
306 2497 345 2554 13
375 2500 408 2553 ut
435 2495 566 2555 Setinum
593 2495 768 2555 accessimus
795 2493 889 2554 finem.
928 2493 1003 2556 Eun.
1030 2500 1067 2554 tr.
1088 2513 1116 2555 v.
1139 2496 1200 2554 313
1224 2511 1283 2553 non

93 2583 180 2654 potis
209 2581 318 2641 accedi.
362 2597 427 2642 ann.
454 2580 491 2641 11.
514 2600 542 2641 v.
565 2583 636 2641 527.
676 2582 738 2641 Act.
760 2586 797 2639 tr.
819 2600 846 2640 v.
870 2582 931 2640 218
979 2583 1020 2640 Μ.
1048 2578 1283 2640 0441114411.

95 2669 149 2726 41.
175 2674 295 2726 terram.
336 2666 724 2740 Nep.Them.4,1astu.
762 2667 949 2738 Hann.8,1
973 2665 1113 2726 Africam.
1148 2665 1233 2724 Varr.
1256 2666 1284 2724 d.

97 2771 122 2812 r.
149 2772 174 2813 r.
201 2755 228 2824 1,
252 2757 279 2823 7,
302 2753 321 2810 8
344 2753 457 2824 aliquot
478 2753 622 2825 regiones.
659 2752 728 2812 Sall.
750 2752 794 2825 13.
815 2754 863 2824 18,
882 2754 911 2812 9.
945 2755 994 2824 20,
1014 2754 1042 2812 3.
1075 2753 1281 2824 62,1.71,5

96 2841 149 2910 97,
175 2840 207 2901 3.
245 2837 330 2910 Verg.
354 2839 425 2896 Aen.
449 2837 477 2909 l,
501 2841 560 2898 201
590 2839 734 2911 scopulos.
765 2856 792 2896 v.
816 2840 876 2897 307
905 2855 977 2910 quas
1004 2842 1091 2896 vento
1118 2839 1288 2896 accesserat

98 2943 179 2983 oras.
213 2923 497 2995 Τ44.11144.Π,27.
528 2922 582 2996 ΠΙ,
603 2925 651 2982 24.
683 2941 749 2982 ann.
768 2923 806 2994 11,
825 2924 874 2982 58.
905 2923 974 2995 XII,
993 2925 1042 2983 31.
1063 2923 1112 2982 33.
1139 2921 1218 2994 XIV,
1233 2924 1282 2982 35.

11 3041 12 3082 J
98 3009 193 3069 Verbi
219 3009 310 3081 igitur
333 3010 488 3068 ‘accedere'
511 3015 689 3069 structuram
712 3008 897 3068 transitivam
920 3015 1050 3068 veterum
1073 3013 1283 3081 poetarumque

100 3096 231 3156 sermoni
253 3094 475 3153 vindicabimus.
498 3129 537 3137 -
560 3095 648 3168 Apud
671 3111 778 3154 aureae
800 3096 906 3170 aetatis
930 3096 1088 3168 scriptores
1111 3110 1175 3154 cum
1198 3111 1283 3152 accu-

100 3183 198 3241 sativo
221 3179 377 3240 coniuncta
399 3181 561 3240 invenimus
582 3181 673 3240 verba
695 3183 779 3240 haec:
802 3180 885 3239 adire
907 3181 1029 3252 aggredi
1051 3179 1164 3240 adoriri
1182 3196 1284 3238 asceu-

99 3269 171 3326 dere
194 3267 325 3325 accolere
348 3266 487 3325 advolare
508 3266 577 3340 (014.
602 3267 648 3325 ad.
670 3267 730 3325 Att
756 3268 784 3336 1,
803 3266 851 3336 14,
870 3265 899 3340 5)
921 3267 1031 3325 adnare
1052 3265 1234 3342 (Cenabo.
1254 3266 1282 3335 2,

99 3354 152 3425 44,
177 3353 205 3429 1)
232 3351 368 3411 adiacere
394 3351 475 3428 (Nep.
504 3352 597 3410 Thim.
626 3353 711 3423 2,1.
746 3351 810 3411 Liv.
835 3355 867 3421 7,
893 3353 945 3423 12,
969 3351 998 3427 6)
1028 3351 1184 3411 Sallustius
1212 3350 1284 3410 dicit

102 3439 173 3499 hist.
196 3437 232 3496 fr.
255 3437 310 3495 inc.
334 3438 374 3496 92
396 3437 457 3513 (60)
483 3453 578 3509 3411114
599 3442 717 3509 patrum
740 3437 943 3508 advolvuntur,
967 3438 1048 3496 cuius
1071 3437 1154 3497 verbi
1176 3435 1206 3493 iu
1228 3452 1284 3494 usu

101 3541 169 3583 eum
188 3527 349 3595 sequuntur
362 3522 483 3581 Tacitus
501 3522 570 3581 hist.
589 3521 638 3593 IV,
657 3523 696 3581 81
717 3537 813 3593 3411114
831 3522 893 3581 eius
912 3523 1086 3583 advolvitur.
1114 3539 1181 3580 aun.
1200 3519 1224 3593 Ι,
1244 3521 1283 3579 13

100 3627 167 3668 oum
190 3608 303 3668 Tiberii
331 3625 426 3680 genua
453 3609 667 3668 advolveretur.
703 3607 757 3680 VI,
780 3609 821 3667 49
851 3625 1024 3680 quamquam
1051 3623 1147 3679 genua
1168 3611 1285 3680 patrum

104 3695 319 3755 advolveretur.
355 3694 419 3765 XV,
438 3696 475 3754 71
502 3711 597 3766 genua
619 3692 712 3765 ipsius
731 3694 848 3753 advolvi
867 3727 906 3736 -
927 3700 956 3752 et
973 3693 1114 3767 Apuleius
1132 3699 1199 3752 met.
1219 3694 1246 3764 6,
1266 3692 1284 3750 2

100 3783 191 3853 pedes
219 3781 282 3838 eius
305 3781 452 3839 advoluta.
483 3781 559 3852 apol.
582 3796 605 3838 o.
630 3780 680 3838 94.
725 3779 839 3838 Deinde
860 3779 1059 3839 accusativum
1082 3779 1165 3838 addit
1186 3778 1285 3838 verbis

102 3866 317 3935 4441641413.
341 3867 388 3936 11,
412 3868 430 3923 2
455 3867 558 3924 dextra
575 3865 772 3924 Adherbalem
791 3865 906 3925 adsedit
930 3896 969 3906 -
993 3870 1022 3923 et
1044 3864 1193 3924 ‘assidere'
1215 3864 1285 3924 hist.

102 3952 151 4011 IV.
175 3953 216 4010 42
239 3950 278 4027 (1)
305 3951 495 4022 Amisumque
517 3951 645 4010 adsideri
671 3951 824 4023 audiebat,
847 3984 887 3994 -
911 3952 989 4020 quod
1020 3951 1141 4010 verbum
1167 3954 1284 4022 praeter

103 4055 168 4096 eum
191 4038 233 4096 ita
256 4042 399 4110 usurpant
422 4035 477 4095 soli
499 4043 604 4108 poetae
626 4043 656 4095 et
678 4036 811 4096 Tacitus:
835 4036 921 4106 Verg.
943 4037 1015 4095 Aen.
1036 4038 1085 4108 11,
1104 4037 1284 4095 3041114144

103 4124 220 4182 adsidet
263 4122 326 4180 Val
347 4122 443 4180 Flaco.
468 4122 501 4192 5,
524 4122 584 4180 335
614 4138 659 4179 me
686 4122 784 4193 gravis
811 4121 927 4180 adsidet
952 4122 1055 4181 hostis.
1092 4121 1143 4181 Sil.
1166 4123 1199 4192 9,
1222 4122 1285 4181 624

102 4209 219 4269 adsidet
241 4224 333 4266 arces.
371 4209 423 4279 12,
446 4208 508 4266 453
537 4209 673 4265 adsessos
696 4206 814 4279 Capuae
841 4224 948 4266 muros.
984 4208 1054 4267 Tac.
1077 4225 1144 4267 41111.
1166 4205 1220 4279 IV,
1243 4207 1285 4266 58

103 4296 219 4354 14441114
246 4293 329 4352 urbis
352 4293 499 4353 adsidens.
536 4291 589 4365 VI,
612 4293 652 4350 43
676 4293 839 4352 adsidendo
863 4294 1022 4352 castellum.
1045 4327 1087 4338 -
1109 4292 1167 4353 Sed
1189 4291 1285 4365 iulg.

175 4481 194 4545 1)
212 4479 281 4542 Synt.
301 4478 353 4527 und
372 4480 417 4530 Stil
436 4480 482 4529 des
500 4479 558 4528 Tac.
579 4475 595 4546 ἕ
613 4477 655 4530 20.
761 4481 769 4494 ”
