3086 5096
593 420 803 485 ...59-

141 588 247 642 iustitia
264 603 308 643 res
326 588 435 656 publica
453 590 547 650 crevit,
561 618 593 626 -
609 587 672 642 Car·
758 591 864 657 positae
888 588 1079 658 reipublicae,
1098 589 1222 646 florentis
1241 590 1287 644 do-

144 655 226 724 thago
245 687 277 696 -
296 657 330 710 ab
346 658 429 725 stirpe
443 658 554 718 interiit,
573 665 672 711 cuneta
759 673 826 720 mus,
838 673 907 710 cum
921 659 1287 726 repenteturbarefor-

142 726 228 778 maria
260 731 405 793 terraeque
431 727 575 794 patebant,
603 740 672 780 sae·
758 732 839 780 tuna
857 728 981 796 coepit,
1005 728 1131 781 saevire
1149 729 1220 795 ipse
1238 737 1287 783 aut

142 792 211 846 vire
235 794 373 849 fortuna
395 809 432 848 ac
454 796 589 849 miscere
608 810 672 848 om·
759 794 940 849 saevientibus
957 796 1028 850 vires
1045 796 1184 863 praebere.

142 861 198 914 nia
216 864 334 931 coepit.
724 878 789 917 anu.
807 864 840 916 H.
861 866 893 916 72
913 864 1042 918 saevienti
1059 863 1195 918 fortunae.

108 926 171 982 hist.
190 929 223 984 fr.
241 931 293 984 inc.
313 933 345 984 76
363 929 410 983 Kr.
428 939 539 985 sanctus
558 931 618 984 alia.
724 947 746 984 c.
761 935 776 985 3
795 932 850 985 alia
868 931 967 985 clerus.

109 994 147 1064 lg.
166 1001 193 1058 3,
212 1002 230 1052 4
250 999 391 1068 potentiae
418 1015 566 1067 paucorum
590 999 671 1052 decus
724 1015 746 1052 c.
762 1002 794 1053 19
812 999 880 1054 odiis
899 999 990 1053 Seiani
1007 1015 1057 1068 per
1075 999 1194 1057 dedecus
1207 1014 1287 1057 suum
1362 1015 1363 1020 ’

146 1070 228 1131 atque
245 1069 401 1123 libertatem
419 1067 632 1136 gratificabatur.
758 1067 972 1136 gratificabatur.

108 1133 147 1200 Ig.
167 1136 209 1195 91,
226 1138 251 1190 4.
278 1136 364 1190 Simul
378 1137 473 1190 consul
486 1152 519 1189 ex
533 1137 624 1190 multis
638 1134 671 1188 de
724 1151 746 1189 o.
761 1138 802 1189 25.
828 1136 968 1204 Simulque
983 1144 1095 1206 coeptus
1109 1137 1174 1200 dies
1188 1145 1215 1191 et
1224 1153 1288 1193 con-

143 1201 262 1257 hostium
280 1204 400 1258 adventu
418 1206 550 1272 cognovit,
575 1211 602 1257 et
620 1204 671 1272 ipsi
758 1211 839 1258 centu
865 1205 993 1258 tubarum
1019 1222 1051 1260 ac
1077 1207 1148 1260 truci
1171 1206 1287 1263 clamore

142 1269 235 1326 hostes
254 1272 376 1326 aderant.
758 1271 873 1326 aderant
887 1275 1074 1341 *semisomnos
1095 1276 1124 1329 in
1146 1274 1287 1331 barbaros.

108 1336 172 1391 bist.
191 1341 237 1393 ΠΙ.
256 1345 290 1396 67
312 1342 361 1395 ool.
380 1341 426 1394 IV.
449 1341 482 1393 D.
502 1340 578 1394 iuxta
601 1339 672 1394 sedi·
723 1340 769 1394 VI.
785 1344 817 1395 13
835 1343 912 1395 iuxta
930 1341 1090 1396 seditionem
1107 1349 1225 1397 ventum.

143 1407 245 1462 tionem
263 1415 349 1463 erant.

108 1473 148 1541 lg.
166 1477 207 1536 21,
225 1480 241 1529 2
260 1507 291 1516 -
311 1485 339 1531 et
356 1479 383 1530 ni
401 1476 546 1531 multitudo
565 1482 671 1544 togato·
722 1476 782 1529 XII.
802 1479 842 1530 16.
874 1479 915 1531 Ao
936 1478 965 1531 ni
985 1479 1119 1546 proelium
1141 1493 1195 1532 nox
1218 1479 1286 1534 dire·

141 1560 202 1598 rum
227 1545 335 1606 luisset,
363 1562 418 1599 uno
445 1546 488 1599 <lie
509 1547 581 1599 inter
603 1545 671 1599 duos
757 1545 863 1605 misset,
886 1553 985 1614 coepta
1002 1553 1168 1614 patrataque
1186 1563 1287 1616 expug-

141 1622 360 1736 lregesfcoetptum
375 1621 458 1683 atque
466 1620 606 1683 patratum
614 1613 671 1667 bel·
757 1615 833 1735 matingo
847 1615 968 1737 gundeffi
984 1615 1057 1737 igr}
1075 1615 1145 1736 diem
1157 1615 1285 1738 foretTss

152 1698 198 1735 um
227 1697 293 1736 ore.
758 1697 774 1734 a
864 1700 909 1736 nn.
970 1726 974 1734 .
1054 1700 1100 1738 um
1138 1700 1227 1738 emum
1265 1704 1286 1739 1·

756 1750 848 1804 berius
866 1758 957 1805 ortum
974 1759 1167 1821 patratumque
1184 1753 1285 1807 bellum

757 1826 854 1873 senatu
872 1820 1019 1889 rescripsit.

107 1885 169 1940 hist.
188 1886 209 1942 Ι.
229 1889 262 1940 18
278 1891 332 1954 (20)
352 1888 455 1944 ferocia
477 1891 546 1958 regis
564 1885 670 1941 Mithri·
723 1901 745 1938 c.
764 1889 798 1941 50
816 1893 957 1956 tamquam
978 1889 1109 1944 adversus
1128 1887 1283 1944 defecturos

144 1954 214 2009 datis
232 1956 261 2008 in
278 1962 401 2024 tempore
418 1958 553 2011 bellaturi.
757 1963 784 2009 et
801 1955 829 2009 in
846 1963 968 2026 tempore
985 1957 1173 2012 rebellaturos.

105 2022 145 2090 Ig.
164 2026 205 2084 73,
224 2025 240 2076 5
258 2025 287 2078 in
304 2026 389 2080 maius
408 2025 552 2088 celebrare.
721 2023 793 2076 XIII.
813 2027 829 2078 8
847 2026 876 2080 in
894 2025 980 2080 maius
999 2025 1144 2080 celebrare.

106 2090 669 2164 addeinmaiusaudirehistll.70(88)-
722 2091 791 2146 adde
813 2093 842 2146 in
870 2094 957 2147 maius
980 2094 1090 2148 credere
1112 2095 1175 2149 hist·
1197 2095 1218 2148 I.
1243 2097 1282 2148 18.

141 2174 304 2227 componere
321 2162 383 2217 hist.
402 2163 449 2217 III.
468 2166 502 2218 60
518 2165 577 2230 (63).
756 2161 842 2229 accipi
850 2162 870 2214 I.
881 2164 921 2215 52.
931 2161 1008 2215 III.7.
1018 2163 1188 2217 innotescere
1197 2163 1284 2218 IV.50

694 2268 696 2293 ÷
756 2229 909 2298 —vulgare
923 2246 985 2284 ann.
998 2231 1046 2284 III.
1057 2233 1097 2282 12.
1111 2231 1223 2285 credere
1234 2232 1283 2285 III.

755 2300 797 2352 44.
812 2299 900 2352 audiri
912 2299 959 2353 IV.
973 2301 1015 2352 23.
1029 2298 1155 2354 attollere
1168 2300 1226 2354 XV.
1241 2303 1282 2355 30.

107 2362 147 2430 lg.
166 2366 206 2426 91,
226 2369 242 2418 7
259 2381 344 2433 genus
360 2366 500 2420 hominum
517 2369 616 2422 mobile
629 2369 670 2422 in·
722 2379 744 2418 c.
759 2367 792 2420 26
811 2396 843 2405 -
862 2373 893 2420 ut
912 2372 987 2420 metu
1004 2375 1195 2429 coerceantur,
1214 2383 1282 2436 quos

139 2431 225 2486 fidum
242 2441 306 2488 ante
324 2449 412 2502 neque
429 2435 561 2490 beneficio
580 2452 670 2505 neque
755 2434 887 2489 beneficia
905 2451 959 2489 non
977 2436 1160 2490 mutavissent.

139 2508 213 2554 metu
233 2502 389 2557 coercitum.
722 2501 792 2556 adde
811 2519 871 2556 eun.
891 2505 936 2559 IV.
949 2508 991 2559 30.

63 2569 68 2584 ⁸
104 2568 206 2637 1525,
232 2574 247 2624 3
271 2571 372 2625 bonum
397 2572 536 2640 publicum
562 2575 670 2642 privata
721 2569 794 2624 XIV.
817 2575 850 2626 38
877 2571 979 2625 bonnm
1005 2571 1144 2640 publicum
1169 2573 1282 2643 privatis

139 2640 228 2705 gratia
247 2638 389 2693 devictum.
694 2641 697 2693 Ι
756 2640 938 2695 simultatibus
955 2640 1127 2709 impediebat.

612 3547 771 3638 Errtta.

467 3696 491 3744 p.
510 3679 544 3731 27
562 3695 586 3733 v.
605 3680 620 3730 3
638 3681 758 3744 μεσοῦν)
774 3682 789 3730 l.
808 3683 915 3744 μεσιῖν.
