3086 5096
755 375 966 440 ..58-

270 541 329 596 Cat.
345 545 384 604 18,
400 544 423 594 8.
448 542 555 610 Quodni
570 542 686 597 Catilina
700 551 833 598 maturas·
884 541 932 594 ill.
951 557 974 594 e.
991 545 1033 598 27.
1059 544 1092 598 Id
1109 544 1216 600 facinus
1234 553 1299 614 post
1313 547 1453 603 conditam

305 616 348 665 set
389 625 419 664 ro
438 612 514 664 cun'a
535 612 641 732 515555
660 613 739 666 sociis
759 612 832 674 dare,
919 611 1013 664 urbem
1059 612 1287 668 luctuosissimum
1327 616 1453 672 foedissi-

305 695 337 733 eo
385 685 483 746 55551
505 695 557 734 555
578 681 642 733 ’155
664 681 758 734 55155
780 681 834 734 Ro·
919 694 1045 748 mumque
1067 682 1254 751 reipublicae
1276 685 1373 754 populi
1395 686 1452 740 Ro-

305 763 378 869 55555
395 739 542 815 55551555
564 747 670 803 facinus
693 756 832 817 patratum
919 748 991 800 mani
1009 748 1116 804 accidit.

318 832 386 869 ore.

267 884 330 938 hist.
349 884 382 936 fr.
401 884 453 937 inc.
474 887 521 938 101
540 885 600 951 (70).
636 884 729 939 Rebus
748 901 831 953 supra
884 896 906 935 c.
916 884 951 936 48
965 884 1070 937 cunctis
1079 900 1161 953 super
1170 892 1234 940 5515
1246 885 1405 943 fluentibus.
1418 919 1451 928 -

301 958 365 1006 rota
382 951 537 1006 fluentibus.
918 965 980 1005 ann.
1002 952 1062 1006 XV.
1081 955 1097 1006 5
1120 969 1170 1008 nec
1192 957 1352 1022 praesentia
1373 972 1452 1025 pros·

916 1035 981 1087 pere
999 1019 1128 1076 fluebant.
1148 1053 1180 1061 —
1199 1023 1261 1076 dial.
1281 1026 1305 1076 5.
1325 1053 1358 1062 —

266 1088 362 1142 11511.
377 1091 409 1141 41
424 1089 484 1150 (45),
499 1092 530 1140 11
550 1090 714 1158 —populus
732 1090 830 1144 Roma·
883 1102 904 1140 5.
924 1090 965 1167 68.
992 1088 1146 1144 Romanum
1146 1090 1310 1212 ῃ5551551555
1324 1099 1353 1145 et
1366 1108 1449 1160 gene·

301 1173 352 1210 nus
375 1155 467 1225 paullo
487 1164 551 1211 ante
569 1159 690 1224 gentium
707 1158 830 1213 modern·
915 1171 953 1210 555
975 1156 1087 1211 humani
1109 1173 1145 1226 pa
1175 1159 1201 1211 lo
1227 1167 1291 1213 ante
1311 1159 1452 1215 dominum

299 1231 352 1285 tor,
371 1231 469 1278 exutus
487 1226 599 1294 imperio
617 1227 704 1294 gloria
721 1228 789 1281 inre.
915 1224 1013 1278 relicta
1031 1225 1160 1280 fortunae
1178 1242 1244 1281 5555
1258 1227 1321 1282 s'ede
1335 1244 1386 1297 per
1398 1246 1450 1298 po-

915 1292 1011 1360 pulum
1023 1308 1074 1361 per
1087 1295 1182 1349 urbem
1196 1297 1269 1349 exire
1279 1297 1312 1349 de
1322 1297 1447 1366 imperio.

264 1360 328 1414 bist.
346 1361 366 1412 l.
384 1363 418 1414 88
434 1364 487 1428 (98)
505 1362 583 1428 quasi
601 1361 743 1418 formidine
758 1368 829 1418 atto·
881 1375 903 1412 c.
923 1364 955 1414 73
973 1362 1048 1415 velut
1066 1370 1162 1430 captus
1180 1365 1262 1418 55151
1281 1380 1338 1417 555
1351 1366 1448 1434 lingua

298 1429 371 1482 nitus
395 1431 591 1498 5555555155
610 1447 698 1499 neque
717 1432 828 1488 auribus
915 1444 971 1483 11011
997 1430 1108 1484 auribus
1136 1438 1298 1500 competere.
1322 1463 1356 1472 -
1376 1446 1446 1488 ann.

299 1503 347 1551 aut
364 1497 458 1565 lingua
476 1505 639 1566 competere.
915 1496 961 1550 111.
975 1500 1009 1552 46
1018 1498 1149 1567 oppidani
1161 1515 1250 1568 neque
1260 1501 1346 1556 oculis
1355 1518 1448 1570 neque

914 1567 1025 1620 auribus
1039 1569 1105 1620 55115
1123 1570 1322 1638 competebant.

264 1633 322 1688 Cat.
341 1635 382 1695 58,
403 1637 434 1688 17
452 1633 568 1690 audacia
585 1651 634 1703 pro
654 1637 828 1690 55551515-
878 1631 944 1686 ibid.
963 1664 995 1672 -
1014 1635 1157 1694 audaciam
1173 1652 1222 1705 pro
1241 1637 1349 1692 latebra
1363 1638 1450 1692 habe-

296 1708 349 1755 tur.
913 1710 982 1756 rent.

263 1770 325 1824 1151.
344 1771 364 1823 Ι.
378 1774 410 1823 41
424 1773 485 1838 (45),
504 1775 535 1825 17
553 1772 626 1825 bona
639 1772 736 1826 515155
749 1773 827 1827 5155-
879 1769 923 1823 Ν.
943 1786 964 1824 c.
980 1774 996 1823 2
1017 1771 1040 1824 15
1063 1773 1207 1838 pecuniam
1224 1772 1411 1842 familiamque
1432 1791 1446 1828 e

296 1855 390 1891 rorum
409 1840 504 1906 quasi
521 1839 717 1894 Cimbricam
730 1857 827 1908 prae·
911 1839 1449 1909 principisdomoquasiCremonen·

297 1906 369 1960 dam
387 1922 486 1961 55555
504 1915 552 1962 551
570 1909 643 1963 dono
661 1909 761 1962 datam
911 1923 977 2028 55155
1003 1907 1162 2028 58555155
1193 1925 1298 1977 555555.
1324 1941 1355 1949 -
1380 1927 1445 1965 555.

262 2043 317 2098 1151
343 2043 376 2097 fr.
393 2045 446 2098 inc.
465 2047 498 2098 25
515 2045 573 2107 (ΠΙ.
592 2048 635 2110 72)
660 2046 827 2112 5515511551
877 2057 899 2096 5.
920 2046 951 2096 15
973 2059 1056 2112 vagos
1083 2051 1110 2098 et
1136 2045 1212 2113 pacis
1238 2045 1317 2100 modo
1341 2047 1445 2102 effusos
1490 2043 1493 2052 ’
1526 2041 1529 2050 ’

296 2113 372 2179 pacis
390 2112 470 2167 modo
489 2113 589 2168 effusas
606 2113 707 2178 (55115).
911 2111 987 2165 lixas.

262 2181 325 2235 hist.
343 2181 375 2234 fr.
393 2182 446 2236 inc.
466 2185 500 2236 97
516 2184 568 2250 (66)
586 2211 619 2220 -—
637 2189 668 2235 ut
686 2188 765 2236 tanta
782 2197 825 2235 re·
876 2193 899 2231 c.
918 2183 952 2233 78
971 2211 1003 2218 -
1022 2195 1072 2234 nec
1086 2180 1144 2234 sine
1159 2197 1209 2249 ope
1223 2181 1315 2236 divina
1329 2185 1445 2238 mutatis

294 2255 378 2371 peetnutre
399 2251 515 2356 5515115
534 2265 589 2303 555
606 2250 665 2303 5155
683 2250 734 2304 deo
751 2250 823 2304 vide·
910 2256 1024 2318 5555515
1041 2249 1146 2303 animis.

260 2402 298 2470 lg.
317 2405 358 2462 64,
373 2405 389 2454 2
407 2418 441 2456 55
455 2418 538 2470 55555
551 2401 691 2457 fortunam
705 2405 823 2458 animum
875 2402 907 2455 V.
918 2404 966 2454 c.1
981 2408 1012 2455 ut
1026 2417 1108 2470 55555
1121 2400 1260 2455 fortunam
1274 2403 1445 2459 crederetur.

294 2476 407 2537 gereret.

262 2537 320 2593 Cat.
345 2542 389 2600 16,
407 2543 423 2591 2
445 2537 528 2593 fidem
555 2538 679 2594 fortunas
700 2541 823 2608 pericula
875 2552 897 2590 c.
912 2540 927 2591 5
941 2543 1070 2605 55555155
1084 2538 1182 2593 1115555
1197 2538 1299 2593 iratres
1311 2538 1378 2594 vilia
1390 2541 1441 2596 ha-

293 2607 357 2660 51115
373 2608 483 2661 babere.
503 2639 535 2646 -
553 2608 614 2662 hist.
633 2608 667 2660 li.
685 2611 717 2661 41
731 2611 821 2676 (5013
908 2607 981 2660 1555.
995 2637 1027 2645 -
1042 2622 1104 2660 555.
1118 2607 1177 2660 XII.
1194 2609 1226 2660 65
1241 2615 1340 2661 cuncta
1354 2625 1443 2677 regno

294 2675 360 2730 deos
382 2678 491 2742 penatis
512 2690 586 2730 5555
603 2677 775 2746 5515155555
794 2685 821 2731 51
908 2675 1005 2729 viliora
1022 2675 1130 2729 habere.

294 2759 426 2797 summum
443 2744 587 2812 imperium
605 2745 669 2798 vilia
686 2745 781 2799 habeo.

258 2811 295 2878 lg.
313 2814 355 2873 49,
374 2815 390 2864 2
408 2829 442 2866 ne
460 2814 604 2880 pauciores
623 2813 821 2882 cumpluribus
874 2811 1105 2878 516555515555
1123 2825 1210 2879 nuper
1228 2827 1290 2865 555
1310 2813 1443 2880 pluribus

292 2895 402 2934 manum
420 2889 605 2936 consererent.
908 2885 1036 2934 certasse.

1091 2981 1221 3035 4555155

258 3083 317 3137 Cat.
338 3085 384 3144 46,
408 3087 482 3138 1-2.
516 3087 613 3140 Omnia
634 3100 749 3154 propere
770 3101 820 3152 per
872 3081 893 3134 l.
903 3097 926 3136 c.
936 3084 977 3144 52.
995 3081 1159 3136 Nuntiata
1172 3097 1205 3136 ea
1214 3083 1353 3138 Tiberium
1368 3085 1440 3138 lae-

293 3153 427 3207 5551155
445 3154 550 3209 5555511
569 3153 751 3208 declarantur.
782 3155 820 3207 At
905 3150 983 3204 titia
1010 3165 1154 3219 curaque
1180 3150 1313 3206 adiecere.
1351 3152 1439 3207 Gau-

291 3219 366 3274 11155
383 3222 478 3290 ingens
500 3239 578 3276 cura
601 3229 700 3290 atque
724 3222 819 3275 laeti·
907 3219 1005 3272 debat
1023 3235 1182 3288 oppressam
1196 3218 1368 3283 seditionem3
1388 3222 1440 3276 sed

292 3288 819 3360 11551551555555555555515515-
906 3288 979 3354 quod
1001 3287 1147 3355 largiendis
1169 3289 1291 3356 pecuniis
1313 3288 1438 3344 favorem

291 3357 390 3410 batur
403 3364 431 3411 51
445 3374 469 3426 q.
485 3374 506 3412 s.
520 3375 648 3427 -porro
662 3364 819 3413 auteman-
905 3355 1021 3409 militurn
1036 3357 1223 3424 quaesivisset,
1238 3359 1436 3424 angebatur.

290 3426 510 3480 51555551.-

254 3492 316 3547 hist.
330 3494 351 3549 i.
366 3496 400 3548 48
412 3495 472 3561 (511,
486 3498 502 3548 3
517 3510 546 3549 55
565 3510 579 3549 5
593 3500 750 3563 contempto
764 3511 819 3549 me·
869 3507 892 3546 c.
907 3495 941 3546 74
955 3507 969 3546 5
983 3492 1145 3561 contemptis
1158 3492 1298 3547 metuendi
1312 3508 1349 3548 sc.
1359 3493 1437 3550 tacti.

289 3561 421 3615 tuendum
438 3562 535 3617 effecit.

256 3629 402 3690 051314
420 3631 518 3698 quibus
536 3631 758 3688 555151555515
777 3636 818 3686 at·
868 3629 903 3682 Π.
928 3644 950 3682 c.
973 3631 1007 3684 38
1035 3628 1132 3697 quibus
1159 3629 1249 3682 omnia
1276 3630 1434 3698 principum

290 3712 342 3766 que
358 3699 505 3753 inhonesta
516 3701 633 3754 rendere
647 3715 705 3754 555
719 3707 769 3756 est.
783 3731 815 3739 —
902 3697 1019 3752 honesta
1045 3703 1128 3764 atque
1153 3696 1296 3752 inhonesta
1319 3698 1434 3754 laudare

289 3767 327 3834 ig.
346 3769 388 3827 80,
407 3768 431 3820 5.
449 3798 482 3806 -
501 3772 542 3829 31,
562 3771 601 3822 12.
622 3799 651 3807 -
903 3781 961 3820 555
980 3773 1029 3820 est.
1049 3795 1081 3804 -
1176 3825 1178 3830 ¹

254 3833 292 3902 lg.
312 3838 336 3895 6,
355 3839 379 3889 3.
406 3835 541 3890 Τ5555151
558 3854 620 3890 555
633 3843 733 3891 natura
746 3852 817 3891 mor·
868 3835 915 3887 ΙΠ.
934 3835 995 3887 54.
1022 3833 1096 3887 Nihil
1113 3838 1206 3887 tamen
1219 3833 1357 3887 Tiberium
1375 3850 1433 3889 rna-

289 3903 386 3956 talium
413 3903 492 3958 arida
517 3904 623 3973 imperii
648 3936 682 3945 -
708 3904 744 3958 ad
765 3905 817 3960 hoc
902 3903 943 3971 gis
964 3902 1119 3970 penetravit
1137 3917 1218 3969 quam
1237 3902 1328 3956 studia
1345 3903 1431 3958 homi·

288 3970 381 4024 studia
403 3971 580 4026 Numidarum
605 3975 635 4027 in
656 3975 817 4042 Iugurtham
902 3987 968 4024 555
985 3985 1101 4024 5555555
1117 3971 1147 4022 15
1164 3971 1351 4039 Agrippinam.

288 4055 411 4094 accensa.
1305 4070 1308 4074 ›

252 4124 290 4193 lg.
308 4127 351 4178 42.
369 4155 402 4204 -7
421 4127 496 4193 Quae
512 4141 555 4180 res
569 4121 728 4250 5155555155
742 4141 814 4194 mag·
867 4139 890 4178 5.
904 4127 945 4178 66.
973 4123 1053 4204 Quod
1065 4125 1164 4204 multos
1178 4126 1261 4178 etiam
1273 4125 1361 4178 bonos
1369 4140 1432 4192 pes·

287 4207 338 4246 nas
360 4193 483 4248 civitates
507 4208 617 4263 pessum
639 4195 672 4248 de
694 4197 725 4258 't,
752 4194 816 4248 dum
901 4191 1048 4253 sumded1t‚
1067 4208 1113 4260 qur
1131 4195 1242 4262 spretis,
1262 4207 1332 4260 quae
1350 4193 1431 4248 tarda

287 4262 368 4316 alteri
386 4263 486 4317 alteros
505 4263 613 4316 vincere
627 4262 815 4331 quovismodo
901 4277 963 4314 curn
990 4261 1148 4322 securitate,
1179 4267 1356 4330 praematura
1388 4263 1431 4316 rel

203 4339 208 4348 ·
286 4337 315 4383 51
336 4330 422 4386 515155
444 4332 568 4385 acerbius
596 4331 691 4385 ulcisci
712 4333 815 4386 volunt.
901 4344 963 4383 cum
980 4329 1063 4383 exitio
1079 4337 1238 4398 properant.

252 4398 312 4452 Cat.
336 4401 376 4460 10,
402 4402 423 4452 1.
461 4399 514 4454 Sed
541 4400 587 4454 ubi
613 4399 706 4453 labore
733 4405 815 4468 atque
866 4399 911 4453 IV.
924 4401 946 4450 1.
965 4397 1060 4452 Nonus
1069 4397 1177 4452 Tiberio
1188 4413 1275 4452 annus
1285 4404 1345 4452 erat
1355 4412 1425 4452 eom·
