3086 5096
578 371 789 433 ..7-·

83 543 185 601 Celsus
208 544 369 617 aspritudo,
391 544 504 604 Plinius
526 543 621 602 maior
639 542 798 616 nigritudo,
820 544 972 606 Vitruvius
985 537 1256 625 'salsitudogravi-

81 630 161 700 tudo,
184 629 341 689 Petronius
363 631 526 702 scabitude
545 663 584 672 -—
604 629 783 701 Simulatque
804 636 902 691 autem
921 631 1024 690 iudea
1042 631 1163 692 Traiani
1181 636 1255 689 tem-

83 714 208 786 poribus
229 716 387 788 sqriptores
404 722 517 777 veteres
536 729 644 774 aureae
660 716 767 775 aetatis
786 716 980 788 scriptoribus
998 717 1142 788 praeferri
1160 717 1257 790 coepti

81 806 156 872 sunt,
179 803 256 861 tales
279 803 528 862 substantivorum
545 801 743 873 formationes,
767 819 841 874 quae
862 820 915 874 per
933 804 1050 874 longum
1068 809 1182 874 tempus
1201 803 1256 862 ob-

81 888 232 946 litteratae
258 893 353 959 erant,
383 889 527 960 repetitae
558 893 644 947 sunt
678 888 740 960 Ipsi
766 888 894 948 Traiano
925 889 1045 948 verbum
1076 888 1256 960 integritudo

81 973 228 1044 placuisse
251 975 452 1046 cognoscimus
475 993 510 1032 ex
528 974 590 1033 eius
613 976 750 1034 mandato
774 975 881 1048 aliquo,
904 977 981 1048 quod
999 975 1142 1048 Ulpianus
1164 975 1257 1034 tradi-

82 1060 132 1119 dit.
154 1058 226 1135 (dig.
250 1062 300 1132 29,
325 1063 351 1132 1,
372 1061 406 1136 1).
426 1061 675 1132 -Frontonem,
698 1060 835 1132 Gellium,
857 1061 1014 1133 Apuleium
1035 1063 1145 1134 passim
1167 1062 1257 1119 verba

81 1146 180 1216 prisca
202 1146 386 1206 revocavisse
408 1147 465 1204 iam
488 1163 578 1219 supra
599 1145 707 1217 monui,
729 1145 760 1203 in
783 1146 887 1218 quibus
906 1146 1019 1206 Gellius
1041 1149 1161 1208 verbum
1183 1147 1256 1212 alias

80 1249 136 1288 non
159 1235 301 1290 testatum
323 1233 512 1294 ‘acerbitudo’
536 1231 657 1304 opponit
678 1232 768 1291 verbo
791 1233 936 1291 acerbitas
957 1230 1017 1308 (13,
1036 1234 1064 1305 3,
1084 1231 1112 1310 2)
1126 1237 1156 1292 11
1173 1232 1256 1305 Apu-

79 1317 152 1375 leius
170 1317 290 1377 induxit
307 1320 457 1382 ambitndo
476 1320 553 1378 Asel.
572 1319 621 1378 31.
633 1318 791 1378 tristitudo
809 1323 874 1376 met
893 1319 921 1390 3,
942 1321 990 1377 11.
1009 1320 1085 1392 apol.
1104 1321 1256 1400 321111-

80 1404 177 1462 ritudo
202 1409 269 1462 met.
290 1407 317 1475 1,
336 1407 363 1462 2.
398 1405 574 1464 Posterioris
596 1403 752 1462 latinitatis
771 1409 839 1462 sunt
856 1405 946 1464 verba
964 1405 1119 1477 certitudo,
1137 1405 1256 1464 incerti·

79 1491 159 1561 tudo,
183 1477 334 1562 quietudo,
352 1490 532 1563 inquietudo
551 1490 736 1559 disertitudo,
755 1489 955 1562 dissertitudo,
968 1490 1127 1563 rectitudo,
1146 1491 1257 1552 scabri·
1281 1491 1284 1496 '

80 1577 162 1647 tude,
192 1575 404 1648 simplieitudo,
432 1577 607 1648 crispitudo,
630 1576 783 1648 angitudo,
805 1577 945 1635 atritudo.
969 1609 1008 1618 —
1032 1577 1143 1648 Quibus
1169 1577 1257 1636 rebus

80 1661 235 1733 explicatis
259 1663 323 1720 iure
345 1680 397 1722 suo
420 1661 630 1722 Woelfflinium
652 1679 736 1720 usum
758 1664 913 1722 verborum
937 1663 968 1720 in
986 1664 1072 1722 tudo
1091 1663 1257 1724 exeuntium

79 1747 238 1821 praecipue
255 1748 403 1808 veteribus
421 1749 585 1808 vindicasse
602 1750 706 1818 elucet;
725 1752 754 1806 et
772 1748 888 1820 quidem
906 1748 1098 1808 usitatissima
1114 1753 1182 1808 sunt
1196 1765 1257 1807 ser-

80 1835 157 1892 moni
177 1833 290 1892 comico
309 1840 339 1892 et
356 1835 482 1907 tragico;
498 1835 596 1907 paullo
615 1834 710 1892 rarius
724 1834 901 1894 adhibentur
915 1851 934 1892 a
948 1835 1142 1906 scriptoribus
1155 1836 1258 1907 pedes·

83 1919 134 1977 tris
158 1921 315 1990 sermonis;
338 1928 522 1992 spernuntur,
545 1920 613 1993 quia
635 1921 796 1978 reiciuntur
818 1921 1118 1998 ametrodactylicq
1140 1922 1177 1980 ab
1195 1921 1257 1992 epi-

85 2006 123 2066 cis
143 2010 173 2064 et
192 2005 331 2064 satiricis.
359 2006 499 2065 Cicerone
516 2006 620 2066 iuvene
638 2006 710 2064 satis
728 2004 874 2083 frequenti
888 2007 919 2063 in
936 2023 990 2064 usu
1004 2006 1141 2066 videntur
1158 2006 1258 2078 fuisse,

84 2093 132 2150 sed
151 2093 223 2151 inde
240 2093 277 2150 ab
297 2093 347 2150 illo
365 2097 496 2163 tempore
510 2093 653 2164 paulatim
673 2091 813 2151 oblivioni
833 2093 947 2163 dantur,
965 2109 1058 2163 aqua
1071 2093 1258 2165 vindicantur

46 2249 51 2262 Ι
84 2176 197 2235 demum
222 2178 259 2236 ab
282 2178 469 2251 antiquariis,
497 2178 592 2242 cuius,
606 2177 649 2236 rei
671 2177 763 2249 ipsius
786 2178 861 2238 Gelli
887 2178 968 2238 locus
991 2179 1063 2238 satis
1086 2195 1190 2250 magno
1214 2184 1259 2237 est

84 2263 266 2322 documento.
311 2264 367 2336 Qui
393 2281 458 2323 eum
485 2264 626 2324 scriberet
647 2260 792 2340 (1111131
831 2262 913 2323 ‘Risu
934 2282 1054 2337 prorsus
1076 2270 1165 2337 atque
1186 2266 1255 2324 ludo

84 2366 128 2406 res
157 2351 249 2422 digna
276 2355 333 2421 est,
360 2365 423 2408 cum
451 2350 584 2422 plerique
606 2350 862 2421 grammaticorum
884 2351 1071 2422 adseverant,
1098 2351 1256 2409 necessitu-

85 2435 179 2493 dinem
203 2440 234 2494 et
256 2436 457 2494 necessitatem
480 2441 593 2496 mutare
614 2437 699 2506 longe
722 2435 895 2506 differreque
918 2437 983 2498 ideo
1004 2436 1081 2507 quod
1099 2436 1257 2496 necessitas

86 2521 123 2577 sit
144 2521 188 2580 vis
218 2521 372 2593 quaepiam
394 2538 528 2593 premens
550 2527 580 2582 et
602 2537 721 2592 cogens,
747 2522 931 2582 necessitudo
954 2527 1051 2582 autem
1074 2522 1189 2582 dicatur
1211 2523 1257 2582 ius

86 2609 231 2675 quoddam
254 2611 283 2666 et
304 2607 450 2667 vinculum
472 2608 628 2680 religiosae
650 2606 863 2666 coniunctionis
881 2608 969 2681 idque
986 2625 1075 2666 unum
1093 2608 1257 2667 solitarium

87 2692 237 2762 significet.
260 2725 299 2736 -
322 2693 386 2751 Hoc
408 2711 462 2765 ego
485 2694 589 2765 scripsi
613 2695 649 2753 de
667 2694 819 2764 utriusque
837 2693 973 2754 vocabuli
991 2694 1188 2754 indifferentia
1204 2695 1256 2753 ad·

86 2779 212 2838 monitus
237 2776 315 2838 forte
336 2780 420 2838 verbi
441 2780 527 2839 istius
550 2797 615 2838 oum
636 2780 762 2851 legerem
784 2780 936 2852 Semproni
957 2781 1123 2852 Asellionis,
1149 2781 1257 2840 veteris

87 2865 246 2936 scriptoris,
265 2872 400 2938 quartum
418 2883 454 2924 ex
471 2865 596 2926 historia
613 2864 720 2924 librum
736 2864 798 2941 (cfr.
815 2866 910 2922 locum
928 2865 1194 2963 supralaudatum?
1211 2867 1255 2924 in·

87 2948 193 3008 dicavit
221 2951 341 3009 verbum
368 2951 552 3010 necessitudo
579 2968 681 3009 revera
707 2956 768 3010 tum
795 2951 934 3022 temporis
961 2951 1035 3009 nihil
1062 2951 1153 3010 ferme
1175 2952 1256 3010 aliud

86 3034 264 3104 significasse
285 3036 342 3095 nisi
365 3037 519 3096 ‘vinculum
541 3037 696 3109 religiosae
718 3036 949 3096 coniunctionis’.
986 3037 1116 3108 Quanam
1139 3037 1198 3096 alia
1221 3040 1257 3097 de

86 3136 170 3178 causa
192 3122 397 3194 grammaticos
416 3123 490 3195 illos,
513 3140 585 3196 quos
603 3122 688 3193 ridet,
711 3122 742 3182 id
759 3123 944 3195 praecepisse
965 3123 1156 3195 putabimus?
1186 3124 1254 3183 Gel-

84 3205 136 3264 lius
158 3209 321 3280 exempldm
349 3225 431 3268 suum
458 3227 489 3268 se
509 3209 649 3282 petivisse
675 3225 710 3268 ex
739 3208 884 3281 scriptore
905 3213 1025 3268 vetere
1047 3227 1107 3270 uon
1130 3209 1188 3270 sibi
1210 3214 1255 3270 est

84 3307 222 3353 consc1us.

164 3381 420 3441 Substantivorum
442 3381 473 3438 in
494 3384 554 3439 tas
577 3380 770 3440 desinentium
794 3377 1036 3452 significationem
1054 3380 1164 3440 Gellius
1187 3383 1252 3440 loco

84 3464 199 3526 laudato
223 3485 242 3525 a
264 3467 456 3527 substantivis
475 3467 506 3524 11
523 3467 609 3525 tudo
627 3465 790 3525 terminatis
810 3466 926 3528 omnino
950 3484 1008 3526 non
1027 3465 1144 3527 differre
1160 3469 1253 3528 tradi·

85 3549 132 3622 dit,
156 3569 329 3624 quamquam
351 3553 409 3612 alio
432 3554 496 3614 loco
518 3551 578 3628 (17,
601 3555 629 3624 2,
654 3551 813 3629 19111111
837 3552 1003 3612 sanctitudo
1025 3552 1166 3612 maiorem
1189 3553 1253 3625 dig·

85 3635 201 3698 nitatem
220 3639 333 3710 tribuit,
356 3655 442 3711 quam
460 3639 557 3698 verbis
576 3637 716 3698 sanctitas
735 3643 764 3696 et
783 3637 983 3698 sanctimonia.
1019 3638 1095 3698 Gelli
1112 3639 1252 3711 tempori·

85 3719 135 3780 bus
158 3725 236 3796 quod
258 3725 355 3784 verbis
380 3726 411 3784 iu
431 3726 517 3784 tudo
536 3726 629 3784 maior
647 3725 789 3796 quaedam
808 3723 935 3796 dignitas
954 3723 1161 3796 subiciebatur,
1179 3725 1253 3785 nihil

85 3807 148 3865 miri
164 3811 263 3882 habet,
282 3811 419 3883 quoniam
437 3811 534 3871 verbis
557 3810 662 3883 priscis
680 3810 775 3870 maius
792 3812 906 3882 pondus
919 3809 1070 3882 maiorque
1083 3808 1173 3871 ferme
1186 3811 1250 3884 dig-

86 3892 157 3953 nitas
179 3898 268 3968 inest;
290 3897 348 3956 alia
369 3914 416 3958 res
439 3902 496 3968 est,
517 3914 585 3956 num
608 3896 695 3955 etiam
717 3897 796 3969 apud
818 3896 898 3968 ipsos
920 3899 1032 3956 veteres
1055 3897 1127 3955 haec
1148 3898 1251 3958 verbo-

85 3993 145 4037 rum
167 3982 331 4043 differentia
352 3983 484 4042 valuerit.
527 3984 567 4042 Et
588 3983 636 4041 hic
658 3981 734 4042 Gelli
756 3981 895 4042 iudicium
922 3983 1114 4055 comprobare
1136 3983 1252 4048 videtur

86 4077 150 4125 usus
172 4085 272 4130 eorum
293 4069 449 4130 verborum
471 4071 551 4141 apud
572 4069 701 4141 tragicos
723 4067 984 4148 frequentissimus.
1013 4068 1094 4136 Ι11111
1116 4069 1173 4128 1111
1188 4070 1251 4142 ple·

87 4163 186 4224 rosque
204 4172 305 4214 eorum
323 4172 432 4226 versus,
455 4155 560 4226 quibus
578 4154 721 4213 vocabula
738 4154 789 4212 illa
807 4153 1000 4227 eontinentur,
1019 4155 1056 4216 iis
1074 4155 1146 4228 ipsis
1163 4172 1250 4215 voca·

87 4231 157 4295 bulis
189 4242 339 4314 debemus,
371 4241 508 4313 quoniam
532 4239 721 4312 grammatici
753 4239 967 4299 studiosissime
997 4258 1032 4300 ea
1062 4242 1249 4313 indagabant,

87 4321 178 4383 111111
203 4341 339 4385 numerus
367 4343 465 4386 eorum
492 4328 660 4398 verborum,
692 4342 765 4397 quae
787 4326 866 4398 apud
888 4326 1017 4398 tragicos
1040 4327 1118 4388 solos
1140 4331 1249 4400 extant,

89 4407 175 4468 maior
192 4416 243 4486 est,
266 4430 352 4486 quam
374 4413 452 4489 apud
474 4414 564 4472 ullum
582 4412 671 4473 alium
693 4413 873 4487 scriptorem.
