3086 5096
414 427 425 454 ι
589 395 798 459 -51-

195 566 262 624 Sall.
286 563 348 622 Cat.
372 566 421 636 20,
446 567 461 621 1
488 564 614 623 Catilina
636 567 687 624 ubi
709 585 758 626 eos
780 601 822 611 —
845 571 1014 629 conuenisse
1042 571 1137 638 videt,
1167 567 1284 625 tametsi

108 667 178 709 cum
211 650 332 722 singulis
363 650 454 707 multa
484 655 597 723 egerat,
627 657 724 711 tamen
753 655 784 711 in
810 671 871 714 rem
898 655 962 714 fore
989 658 1108 714 credens
1131 653 1284 712 univorsos

104 737 268 808 appellare,
292 769 335 780 --
358 736 519 794 orationem
538 736 658 796 huiusce
676 740 755 798 modi
772 741 883 799 habuit.
919 742 987 800 Tac.
1009 742 1076 805 hist,
1094 740 1118 811 I,
1137 740 1177 798 36
1199 739 1285 814 Post-

107 840 198 894 quam
229 823 365 881 universa
392 821 580 880 classicorum
609 825 686 895 legio
713 832 925 886 sacramentum
952 828 1013 886 eins
1040 827 1164 897 accepit,
1194 825 1286 884 fidens

103 910 222 968 viribus
245 914 275 966 et
297 925 369 980 quos
392 907 488 966 adhuc
511 909 641 979 singulos
664 912 911 986 exstimulaverat,
934 914 1133 972 accendendos
1155 911 1185 968 in
1208 927 1285 970 com-

103 1012 196 1052 mune
217 1000 299 1052 ratus
323 1012 377 1066 pro
400 993 477 1051 vallo
500 1000 663 1055 castrorum
686 998 728 1055 ita
750 998 856 1071 coepit.

476 1195 516 1258 B.
548 1195 599 1261 llo
621 1196 916 1278 digressionibus.

196 1337 243 1394 Ειι
266 1337 497 1407 digressionibus
521 1336 678 1410 historicis,
701 1355 772 1410 quas
796 1338 950 1397 Sallustius
974 1338 1091 1410 scriptis
1114 1338 1174 1396 suis
1196 1337 1286 1395 inter-

104 1423 224 1496 posuit,
255 1423 391 1480 videntur
418 1423 542 1480 maxime
570 1440 634 1482 esse
661 1425 864 1484 memorabiles
891 1442 955 1496 eac,
978 1425 1008 1482 in
1032 1424 1136 1495 quibus
1160 1423 1287 1481 civitatis

105 1525 208 1566 mores
230 1509 299 1566 inde
320 1527 339 1565 a
360 1508 523 1581 primordio
546 1510 628 1568 urbis
651 1512 770 1583 repetit;
791 1512 934 1570 eiusmodi
957 1510 1032 1568 enim
1055 1510 1237 1581 egressiones
1260 1512 1289 1566 et
1314 1519 1318 1526 ’

105 1596 139 1652 in
165 1593 293 1652 Catilina
324 1600 353 1652 et
384 1594 415 1651 in
440 1593 584 1665 Iugurtha
611 1600 640 1654 et
666 1597 696 1653 in
724 1597 857 1656 historiis
867 1595 888 1672 1)
915 1596 1076 1670 reperimus
1103 1595 1146 1652 ita
1173 1594 1289 1665 quidem

105 1681 301 1754 compositas,
332 1684 366 1736 ut
392 1685 421 1738 et
444 1681 654 1738 sententiarum
681 1683 712 1739 in
740 1684 842 1742 ordine
865 1687 894 1740 et
916 1699 1002 1754 saepe
1033 1683 1072 1740 ad
1093 1683 1183 1740 verba
1211 1681 1289 1738 inter

106 1766 385 1842 seseconsentiant
405 1766 509 1838 quibus
528 1765 559 1823 in
577 1767 793 1838 egressionibus
813 1769 968 1826 Sallustius
986 1767 1115 1825 civitatis
1133 1767 1289 1837 imaginem

104 1855 196 1910 acute
223 1851 428 1922 subtiliterque
455 1853 607 1923 expressit.
651 1852 752 1924 Neque
774 1853 877 1912 Tacito
905 1871 957 1911 eae
983 1871 1042 1912 non
1068 1869 1174 1924 magno
1202 1868 1290 1925 opere

104 1938 247 1997 videntur
273 1937 431 2010 placuisse;
462 1938 493 1994 in
519 1937 687 2009 egressione
714 1939 803 2011 enim,
831 1957 917 2010 quani
939 1939 1064 1998 inseruit
1086 1937 1219 1997 historiis
1240 1936 1290 2013 (Π,

105 2041 131 2082 c.
158 2020 305 2097 37-38),
332 2039 397 2080 cum
424 2023 552 2081 civitatis
578 2040 674 2082 mores
700 2025 830 2083 breviter
852 2026 1054 2096 adumbraret,
1077 2041 1142 2083 cum
1164 2041 1200 2083 ex
1222 2023 1291 2081 sen-'

59 2154 61 2160 .
105 2110 211 2168 tentiis
234 2115 295 2167 turn
318 2125 354 2166 ex
375 2107 473 2167 verbis
495 2107 582 2167 facile
604 2111 774 2180 agnoscitur
796 2112 870 2169 alter
893 2111 1057 2170 Sallustius.
1121 2159 1122 2162 ,

357 2256 425 2313 Sall.
975 2258 1040 2314 Tuo.

107 2345 170 2398 Cat.
191 2346 233 2404 10,
253 2344 325 2397 1-3.
358 2341 411 2396 Sed
425 2343 472 2396 ubi
485 2342 579 2396 labore
593 2349 675 2410 atque
725 2359 749 2397 c.
767 2346 809 2398 38.
841 2344 928 2398 Vetus
951 2359 984 2398 ac
1004 2345 1059 2398 iarn
1080 2343 1186 2424 pridem
1207 2344 1289 2397 insita

145 2411 250 2465 iustitia
272 2411 483 2479 respublica
506 2411 623 2480 crevit,
642 2443 675 2450 —
762 2412 922 2467 mortalibus
957 2418 1135 2481 potentiae
1169 2412 1288 2480 cupido

147 2481 252 2534 saevire
266 2479 379 2533 fortuna
392 2495 440 2533 coe
461 2481 490 2534 it.
521 2480 608 2546 Igitur
619 2480 675 2548 pri·
761 2481 962 2550 cumimperii
971 2480 1201 2550 magnitudine
1212 2480 1289 2534 ado·

147 2564 191 2600 mo
205 2548 345 2617 pecuniae,
366 2547 429 2602 dein
448 2549 609 2616 eimperii
622 2565 675 2601 ou·
761 2549 844 2604 levit
865 2551 1022 2619 erupitque;
1049 2566 1113 2603 nam
1129 2549 1211 2602 rebus
1233 2565 1287 2602 mo·

147 2615 224 2686 pido
243 2616 355 2670 crevit.
762 2618 829 2672 dicis
855 2620 1008 2687 aequalitas
1034 2618 1115 2673 facile
1136 2619 1290 2684 habetur.¹)

112 2687 175 2739 Cat.
187 2688 226 2746 10,
236 2687 259 2736 2.
284 2684 415 2738 Sedubi
433 2715 466 2723 —
479 2699 572 2752 reges
585 2686 677 2752 magni
728 2686 791 2740 Sed
812 2687 867 2740 ubi
889 2687 1027 2742 subacto
1051 2688 1116 2741 orbe
1135 2693 1162 2741 et
1179 2702 1289 2740 aemu-

149 2752 221 2806 bello
236 2753 339 2813 domiti,
352 2754 477 2807 nationes
490 2753 565 2807 ferae
578 2761 606 2807 et
642 2770 677 2807 o·
761 2755 804 2809 lis
828 2755 966 2812 urbibus
986 2756 1162 2824 regibusve
1180 2754 1289 2809 excissis

148 2821 218 2891 puli
243 2821 366 2888 ingentes
392 2821 418 2874 vi
439 2822 583 2883 subacti,
611 2771 675 2875 gar·
762 2838 872 2878 securas
894 2839 960 2892 opes
983 2825 1176 2893 concupiscere
1192 2840 1290 2878 uacu-

149 2891 233 2956 thago
250 2889 379 2944 aemula
396 2889 501 2958 imperii
513 2889 629 2944 Romani
642 2891 676 2944 ab
762 2908 813 2945 um
830 2891 908 2953 fuit,
926 2893 1015 2962 prima
1031 2893 1104 2946 inter
1125 2900 1220 2961 patres
1232 2891 1290 2960 ple·

151 2959 236 3026 stirpe
262 2958 417 3011 interiit-
435 2959 538 3012 saevire
565 2959 678 3014 fortuna
762 2959 877 3029 bemque
894 2963 1044 3016 certamina
1061 2976 1196 3016 exarsere.

152 3043 185 3080 ac
206 3027 319 3080 miscere
341 3025 431 3080 omnia
449 3029 546 3096 coepit.
564 3059 596 3067 -
613 3027 676 3082 bist.
728 3029 832 3091 Verba,
855 3045 925 3098 quae
948 3036 1101 3099 sequuntur
1122 3029 1211 3083 ‘modo
1232 3035 1289 3083 tur·

151 3096 172 3149 1.
189 3099 221 3148 10
238 3096 298 3162 (11).
323 3094 473 3163 Postquam
485 3103 590 3151 remoto
603 3104 677 3150 metu
762 3097 866 3152 bulenti
887 3098 997 3154 tribuni'
1020 3105 1048 3153 et
1065 3115 1090 3167 q.
1109 3114 1131 3153 s.
1148 3097 1290 3152 conferan-

149 3163 253 3218 Pnnico
271 3164 422 3218 simultates
440 3179 566 3222 exercere
581 3181 677 3219 vaca·
762 3173 808 3221 tur
826 3182 887 3222 cum
904 3167 941 3235 lg.
961 3183 985 3222 c.
1002 3169 1112 3223 41-42.

150 3248 201 3286 um
218 3231 294 3294 fuit,
316 3232 460 3299 plurumae
476 3233 585 3300 turbae,
608 3233 677 3287 sedi·

151 3302 241 3356 tiones
258 3307 286 3355 et
304 3300 339 3353 ad
352 3308 518 3369 postremum
531 3301 603 3356 bella
616 3302 677 3356 civi·

7 3417 8 3424 ,
152 3369 190 3422 lia
207 3376 270 3423 orta
287 3375 358 3424 sunt

7 3447 9 3502 ζ
115 3441 154 3508 lg.
178 3441 224 3499 42,
247 3440 263 3490 5
286 3451 327 3490 ex.
364 3436 418 3491 Sed
440 3437 474 3490 de
496 3438 593 3492 studiis
616 3454 678 3560 Ear-
729 3455 752 3494 c.
766 3442 800 3494 38
813 3455 854 3494 ex.
881 3439 935 3494 Sed
952 3455 995 3494 me
1012 3446 1135 3495 veterum
1148 3455 1290 3494 novorum·

7 3517 8 3524 ’
152 3507 220 3561 tium
243 3513 270 3561 et
292 3507 378 3562 omnis
400 3506 516 3561 civitatis
534 3507 614 3560 mori
641 3521 678 3562 us
765 3523 818 3576 que
835 3524 957 3562 morum
974 3509 1112 3576 reputatio
1126 3508 1233 3576 longius
1246 3515 1289 3563 tu-

151 3576 174 3630 si
193 3574 348 3642 singulatim
366 3581 414 3629 aut
430 3591 480 3642 pro
493 3575 680 3643 magnitudine
764 3576 807 3632 lit:
821 3593 893 3631 nunc
907 3577 1069 3631 adrerum
1083 3577 1228 3631 ordinem
1239 3594 1290 3632 re·

153 3659 248 3712 parem
266 3642 404 3703 disserere,
422 3649 528 3712 tempus
542 3659 623 3712 quam
636 3659 681 3698 res
765 3645 832 3699 deo.

152 3712 286 3766 maturius
309 3727 352 3765 me
376 3711 498 3776 deseram
525 3728 618 3781 quarn
641 3712 679 3766 ob

153 3795 221 3834 rem
239 3779 278 3834 ad
294 3781 463 3849 inceptum
479 3780 583 3835 redeo.

220 3921 351 3981 Sallustii
377 3938 458 3980 more
483 3924 628 3995 modoque
654 3925 819 3997 composuit
841 3923 961 3982 Tacitus
987 3923 1075 3981 etiam
1102 3941 1165 3982 eam
1194 3941 1291 3998 egres-

117 4011 238 4080 sionem,
262 4025 318 4080 qua
341 4007 480 4066 disseruit
502 4010 538 4067 de
560 4009 674 4082 legibus
695 4009 771 4087 (anu.
794 4009 850 4086 HI,
874 4008 1009 4084 26-28)
1030 4025 1123 4082 neque
1144 4011 1175 4069 in
1193 4028 1291 4084 egres·

117 4096 249 4155 sionibus
276 4093 480 4166 geographicis
507 4111 594 4167 saepe
620 4097 658 4154 ad
680 4096 758 4154 illins
780 4097 942 4168 exemplum
964 4112 1028 4154 sese
1049 4112 1107 4154 non
1129 4113 1292 4157 accommo-

118 4181 208 4242 davit.
252 4179 386 4239 Conferri
407 4183 542 4252 possunt:

118 4307 321 4319 ...-..———

190 4366 211 4499 ἓξ
229 4364 280 4482 ts:
299 4365 586 4496 {lisleshula
602 4365 923 4486 ltthtlsstltl·
942 4369 959 4419 ¹·
979 4367 1012 4420 ¹⁰
1027 4367 1087 4432 ⁰¹³·

1101 4520 1136 4572 41
