3086 5096
579 364 789 429 ..35-

93 541 205 612 Ig.43,
224 542 241 597 1
262 539 323 598 acri
341 539 405 599 viro
425 545 454 598 et
473 556 646 611 quamquam
665 538 818 598 advorso
842 541 964 612 populi
986 539 1152 612 partium,
1176 539 1276 599 adiec-

94 627 185 685 tivum
208 625 369 684 ‘advorsus’
391 643 445 697 pro
468 625 652 684 substantivo
674 624 835 696 usurpavit.
859 657 899 666 -
924 625 969 684 Ab
988 623 1142 684 adiectivis
1161 625 1275 684 demun

96 710 247 782 genetivus
268 711 384 769 videtur
407 711 569 770 translatus
593 727 657 769 esso
679 711 717 769 ad
740 711 843 781 verba,
870 710 913 770 ita
936 711 1052 783 quidem
1074 715 1107 767 ut
1130 710 1277 783 pertineat

98 799 134 856 ad
152 797 272 856 nomina
290 796 320 854 in
338 796 437 855 verbis
454 795 585 867 latentia,
604 796 686 855 euius
705 796 749 854 rei
766 801 938 867 argumento
958 801 1026 856 snut
1043 796 1168 868 primum
1186 797 1276 855 verba

97 882 236 941 reflexiva
268 882 443 942 ‘meminisse
473 881 625 941 recordari
656 881 813 940 reminisci’
844 898 1002 954 eorumque
1033 881 1130 940 activa
1163 879 1276 940 ‘moneo

96 984 266 1027 commoneo
293 969 435 1026 admoneo
462 966 708 1038 commonefacio,
736 967 840 1026 deinde
866 970 958 1026 verba
980 971 1095 1039 ‘cupere
1104 966 1124 1040 1)
1145 966 1278 1039 indigere

96 1054 199 1126 egere',
223 1051 328 1124 quibus
352 1054 502 1124 genetivus
525 1053 697 1124 adiungitur
719 1052 841 1125 perinde
863 1071 897 1111 ac
920 1053 945 1110 si
969 1053 1083 1111 dicatur
1105 1052 1277 1125 ‘cupientem

97 1139 276 1210 indigentem
304 1144 436 1210 egentem
458 1156 521 1198 esse
543 1139 667 1198 alienius
690 1138 749 1196 rei'.
793 1139 894 1210 Neque
915 1139 983 1197 hinc
1006 1138 1167 1197 abhorrent
1188 1139 1278 1197 verba

100 1225 316 1297 impersonalia,
339 1241 414 1296 qnae
435 1229 586 1296 vocantur,
608 1225 697 1296 ‘piget
719 1224 810 1296 pudet
832 1223 962 1296 paenitet
979 1224 1078 1282 taedet
1097 1224 1215 1283 miseret
1233 1241 1278 1283 me

100 1309 225 1370 alicuius
248 1310 292 1368 rei
310 1311 389 1368 venit
406 1310 480 1369 mibi
497 1310 528 1366 in
545 1315 669 1390 mentem
689 1308 812 1367 alicuius
830 1310 891 1381 rci',
911 1325 985 1382 qnae
1002 1309 1129 1368 verbalis
1149 1309 1277 1369 notionis

102 1398 225 1454 multum
246 1396 305 1453 iam
328 1401 471 1454 exuerunt
493 1396 712 1468 transitumque
735 1395 863 1454 suntad
885 1395 1012 1454 nomina.

186 1483 244 1540 Sed
265 1482 354 1541 redeo
377 1483 415 1540 ad
437 1479 620 1556 adeccivaq,
644 1497 766 1553 quornm
790 1481 825 1540 de
848 1485 997 1539 structura
1019 1497 1084 1538 cunr
1107 1480 1279 1551 genetivus

102 1567 246 1626 sententia
273 1567 419 1625 communi
445 1567 545 1639 paullo
571 1567 744 1624 recedimus.
789 1566 946 1626 Genetivus
974 1565 1049 1624 enim
1071 1566 1109 1625 ad
1132 1564 1278 1626 adiectiva

100 1653 214 1712 accedit
237 1652 362 1725 primum
384 1669 448 1725 pro
472 1668 554 1711 casn
578 1653 769 1722 obiectivo‚
792 1651 823 1711 id
842 1653 921 1723 quod
938 1653 997 1710 iam
1014 1651 1180 1723 Draegerus
1199 1656 1279 1710 recte

100 1736 295 1814 explicavitssl,
318 1755 384 1796 cum
406 1738 534 1809 genetivi
557 1738 709 1797 adiectivis
732 1737 827 1795 additi
849 1754 934 1795 usum
951 1738 1007 1798 boc
1025 1738 1111 1796 modo
1132 1736 1277 1797 definiret:

100 1824 271 1896 „Adiectiva
287 1823 412 1882 relativa
428 1823 482 1882 mit
500 1825 565 1882 dem
583 1823 698 1895 genetiv
711 1822 887 1882 bezeichnen
902 1822 1048 1881 entweder
1065 1823 1092 1898 a)
1110 1823 1164 1881 ein
1179 1829 1278 1881 tran·

101 1910 226 1969 sitives
249 1908 477 1967 Verbaltniss
500 1942 539 1950 -
564 1910 635 1968 oder
660 1907 691 1984 b)
717 1908 781 1966 eine
807 1908 905 1967 blusso
926 1906 1096 1979 Beziehung
1121 1909 1160 1966 im
1189 1909 1277 1967 Sinne

99 1997 180 2055 eines
209 1995 355 2055 ablativus
378 1995 556 2054 relationis“.
580 2026 619 2035 -
644 1993 675 2052 Si
698 1992 805 2052 dieitur
827 1993 989 2052 ‘brevitatis
1012 1993 1171 2053 studiosus'
1192 1990 1278 2050 ‘mili-

99 2082 160 2140 tiae
181 2080 324 2153 prudens,
352 2080 459 2151 sciens,
485 2079 618 2152 peritns',
646 2077 831 2137 manifestum
853 2083 898 2137 est
920 2077 1085 2150 genetivum
1107 2077 1279 2138 ‘brevitatis’

97 2164 240 2242 (militiae)
261 2182 359 2224 casum
383 2183 446 2224 esse
469 2165 587 2236 obiecti,
609 2166 691 2224 onius
708 2164 780 2235 vice,
803 2165 828 2222 si
846 2163 966 2223 additur
984 2164 1160 2235 nominibus,
1181 2163 1278 2236 fungi·

99 2259 148 2310 tur
171 2251 333 2324 genetivus,
360 2251 385 2310 si
407 2251 514 2328 verbis,
535 2251 727 2310 accusativus.
771 2249 926 2309 Adiectiva
948 2267 990 2321 ea,
1014 2250 1119 2321 quibus
1142 2249 1279 2322 adiungi·

98 2345 149 2396 tur
175 2337 326 2409 genetivus
355 2353 441 2396 sensu
470 2336 628 2407 obiectivo‚
660 2337 785 2396 solemus
813 2337 964 2394 nominare
991 2334 1111 2408 proprie
1133 2335 1280 2394 adiectiva

98 2424 232 2482 relativa.
251 2455 291 2465 —
311 2423 369 2481 Sed
387 2423 538 2494 genetivus
556 2421 670 2480 accedit
688 2422 776 2480 etiam
794 2423 832 2480 ad
851 2437 886 2480 ea
904 2421 1057 2492 adiectiva,
1076 2421 1181 2493 quibus
1200 2422 1277 2480 inest

100 2526 203 2568 sensus
226 2507 393 2579 absolutus,
415 2509 495 2566 velut
516 2512 602 2566 atrox
625 2507 686 2566 odii
708 2508 805 2566 audax
826 2507 937 2578 ingenii
959 2506 1044 2566 ferox
1066 2508 1206 2566 scelerum
1229 2507 1276 2564 in-

98 2601 182 2666 teger
207 2594 287 2652 vitae
313 2609 400 2665 aeger
427 2593 531 2664 animi,
561 2593 605 2650 ita
625 2597 659 2650 nt
681 2592 832 2664 genetivus
855 2593 995 2652 ambitum
1018 2592 1155 2653 adiectivi
1177 2593 1276 2664 aliquo

98 2681 186 2740 modo
208 2678 344 2738 videatur
367 2679 494 2737 limitare
515 2683 544 2736 et
567 2694 710 2736 coercere.
754 2677 811 2737 Sed
834 2695 898 2736 eum
916 2679 1082 2749 Draegerus
1105 2678 1167 2737 eius
1189 2694 1276 2750 gene·

99 2766 141 2824 ris
164 2765 330 2836 genetivum
352 2781 406 2835 pro
424 2764 554 2823 ablativo
571 2763 725 2823 relationis
742 2763 896 2823 adiectivis
913 2763 1030 2823 adnecti
1049 2764 1167 2835 diceret,
1189 2781 1276 2836 gene·

99 2851 177 2910 tivus
205 2851 270 2923 ipse
297 2850 460 2909 cuiusmodi
483 2854 559 2908 esset
581 2855 633 2907 aut
655 2849 716 2908 eins
739 2867 808 2908 usus
831 2851 908 2908 unde
930 2853 1007 2908 esset
1029 2849 1190 2922 profectus,
1217 2867 1276 2908 non

96 2937 263 3008 explicavit
306 2935 463 2994 Kahnerns
489 2935 598 3006 aliique
620 2935 769 3007 genetivus
791 2935 899 2993 ‘animi'
921 2939 950 2993 et
972 2933 1099 3006 ‘ingenii'
1120 2952 1174 3007 pro
1198 2937 1276 2995 loca·

97 3022 168 3080 tivis
191 3021 352 3094 accipiunt:
375 3019 462 3079 immo
485 3021 559 3079 tales
582 3021 709 3092 genetivi
728 3025 806 3079 sunt
825 3020 981 3091 genetivi
999 3019 1199 3080 subiectivi.
1236 3021 1278 3080 Ut

96 3108 175 3167 enim
203 3107 354 3180 genetivus
383 3106 478 3166 ‘vitae’
504 3105 622 3166 additus
653 3110 698 3165 est
724 3105 908 3165 substantivo
938 3105 1122 3178 integritas,
1154 3123 1276 3179 prorsus

97 3194 201 3252 codem
227 3192 315 3251 modo
338 3191 463 3250 accessit
485 3191 572 3249 etiam
595 3192 634 3250 ad
656 3191 831 3250 adiectivum
853 3191 997 3264 ‘integer’;
1024 3197 1057 3250 nt
1079 3191 1206 3263 ‘ingenii’
1223 3191 1275 3250 ad·

96 3287 204 3337 nexum
227 3283 272 3338 est
289 3278 474 3337 substantivo
496 3277 646 3348 ‘audacia’,
668 3278 754 3348 plane
772 3278 874 3336 eadem
890 3277 1006 3337 ratione
1024 3276 1112 3335 etiam
1130 3277 1276 3336 adiectivo

97 3363 225 3436 ,audax'3
256 3380 350 3435 neque
376 3363 461 3421 aliter
488 3379 536 3422 res
564 3381 595 3421 sc
622 3363 711 3422 babet
733 3364 778 3428 de,
791 3362 938 3421 ‘ferocitas
962 3363 1111 3422 scelerum'
1133 3368 1163 3420 et
1184 3362 1277 3421 ‘ferox

97 3451 261 3520 scelerum',
288 3450 334 3507 vel
361 3451 397 3508 de
423 3447 586 3518 ‘aegritudo
613 3448 711 3506 animi'
734 3453 763 3506 et
784 3451 881 3520 ‘aeger
903 3448 1010 3506 animi'.
1054 3448 1131 3520 Quin
1153 3449 1277 3519 ‘integer

97 3535 187 3594 vitae’
214 3534 273 3594 dici
300 3552 358 3594 non
385 3533 482 3607 potnit
504 3533 562 3594 nisi
583 3538 705 3606 propter
727 3533 891 3604 <integritas
913 3534 1008 3605 vitae',
1030 3534 1136 3593 ‘audax
1157 3533 1277 3605 ingenii’

95 3621 156 3680 nisi
183 3625 304 3693 propter
331 3619 463 3679 ‘andacia
485 3618 612 3692 ingenii’.
635 3652 674 3662 -
699 3618 756 3677 Sed
781 3620 830 3677 hic
851 3619 978 3692 genetivi
1006 3636 1092 3678 sensu
1115 3618 1276 3679 subiectivo

95 3723 165 3764 cum
196 3705 349 3766 adiectivis
381 3705 530 3764 coniuncti
556 3723 626 3764 usus
653 3705 826 3763 insolentior
850 3707 929 3777 apud
956 3710 1069 3764 veteres
1095 3721 1164 3764 raro
1191 3705 1276 3764 nobis

96 3793 203 3851 obvius
231 3796 287 3862 est,
318 3809 337 3850 a
360 3791 500 3850 Cicerone
526 3796 555 3848 et
577 3790 703 3849 Caesare
729 3807 850 3862 prorsus
878 3790 1006 3862 reicitur,
1029 3790 1098 3849 inde
1121 3792 1235 3850 demum
1258 3809 1276 3848 a

95 3877 240 3936 Sallustio
267 3877 399 3950 augescit
425 3880 455 3933 et
481 3875 618 3946 quoniam
640 3892 659 3933 a
680 3875 775 3949 poetis
797 3877 851 3935 sub
873 3877 1006 3947 Augusto
1029 3875 1204 3935 florentibus
1226 3893 1276 3934 ex·

96 3965 196 4023 cultas
220 3967 272 4034 est,
294 3961 373 4035 apud
395 3961 568 4034 posterioris
591 3960 697 4020 aetatis
715 3961 814 4033 epicos
832 3961 990 4034 praecipue
1007 3962 1086 4034 apud
1104 3961 1229 4021 Statium
1247 3967 1276 4020 ct

171 4198 191 4259 ¹)
208 4200 284 4248 Verbi
303 4195 409 4262 ‘cupere'
429 4212 485 4247 cum
504 4198 619 4260 genetivo
638 4205 763 4247 structura
781 4201 906 4248 veteribus
925 4205 962 4250 est
980 4201 1078 4248 usitata.

169 4269 191 4330 ²)
208 4269 294 4317 Holtze
308 4267 326 4315 l.
346 4283 370 4330 p.
384 4266 433 4318 331
450 4274 474 4315 ct
486 4265 623 4349 336--37,Ι
636 4265 746 4328 Draeger
760 4266 777 4315 l.
792 4283 816 4331 p.
826 4268 876 4320 436
890 4285 944 4332 sqq.
968 4267 1069 4316 lliihner
1078 4266 1109 4322 ΙΙ.
1122 4282 1147 4330 p.
1156 4267 1207 4318 319
1220 4281 1276 4330 sqq.

92 4339 181 4388 Haase
198 4336 229 4386 ll.
247 4352 271 4400 p.
292 4337 324 4388 16
341 4351 397 4398 sqq.

170 4405 191 4470 ³)
208 4406 277 4468 Synt.
296 4404 347 4454 und
366 4404 411 4455 Stil
429 4404 474 4453 des
492 4402 550 4452 Tac.
568 4398 585 4469 ᾖ
604 4398 650 4454 71.’

1083 4487 1119 4540 31
