<?xml version="1.0" encoding="UTF-8"?>
<!DOCTYPE html PUBLIC "-//W3C//DTD XHTML 1.0 Transitional//EN"
    "http://www.w3.org/TR/xhtml1/DTD/xhtml1-transitional.dtd">
<html xmlns="http://www.w3.org/1999/xhtml" xml:lang="en" lang="en">
 <head>
  <title>
</title>
<meta http-equiv="Content-Type" content="text/html;charset=utf-8" />
  <meta name='ocr-system' content='tesseract 3.04.00' />
  <meta name='ocr-capabilities' content='ocr_page ocr_carea ocr_par ocr_line ocrx_word'/>
</head>
<body>
  <div class='ocr_page' id='page_1' title='image "./detacitistudiis01schogoog_0032.png"; bbox 0 0 3086 5096; ppageno 0'>
   <div class='ocr_carea' id='block_1_1' title="bbox 581 399 790 462">
    <p class='ocr_par' dir='ltr' id='par_1_1' title="bbox 581 399 790 462">
     <span class='ocr_line' id='line_1_1' title="bbox 581 399 790 462; baseline -0.01 -16"><span class='ocrx_word' id='word_1_1' title='bbox 581 399 790 462; x_wconf 71' lang='lat'><strong>..27-</strong></span> 
     </span>
    </p>
   </div>
   <div class='ocr_carea' id='block_1_2' title="bbox 7 569 1298 2104">
    <p class='ocr_par' dir='ltr' id='par_1_2' title="bbox 7 569 1298 2104">
     <span class='ocr_line' id='line_1_2' title="bbox 95 569 1272 650; baseline 0 -23"><span class='ocrx_word' id='word_1_2' title='bbox 95 587 247 642; x_wconf 88' lang='lat' dir='ltr'><strong>usurpare</strong></span> <span class='ocrx_word' id='word_1_3' title='bbox 269 575 329 630; x_wconf 87' lang='lat' dir='ltr'><strong>‘ver</strong></span> <span class='ocrx_word' id='word_1_4' title='bbox 348 571 403 650; x_wconf 88' lang='lat' dir='ltr'><strong>(vel</strong></span> <span class='ocrx_word' id='word_1_5' title='bbox 429 574 521 634; x_wconf 93' lang='lat' dir='ltr'><strong>hiems</strong></span> <span class='ocrx_word' id='word_1_6' title='bbox 542 573 588 632; x_wconf 90' lang='lat' dir='ltr'><strong>vel</strong></span> <span class='ocrx_word' id='word_1_7' title='bbox 614 576 769 631; x_wconf 89' lang='lat' dir='ltr'><strong>autumnus</strong></span> <span class='ocrx_word' id='word_1_8' title='bbox 791 573 836 630; x_wconf 88' lang='lat' dir='ltr'><strong>vel</strong></span> <span class='ocrx_word' id='word_1_9' title='bbox 862 569 968 645; x_wconf 81' lang='lat' dir='ltr'><strong>aestas]</strong></span> <span class='ocrx_word' id='word_1_10' title='bbox 989 571 1272 630; x_wconf 88' lang='lat' dir='ltr'><strong>novum-adultum-</strong></span> 
     </span>
     <span class='ocr_line' id='line_1_3' title="bbox 94 656 1275 729; baseline 0.001 -17"><span class='ocrx_word' id='word_1_11' title='bbox 94 673 255 728; x_wconf 87' lang='lat' dir='ltr'><strong>praeceps;</strong></span> <span class='ocrx_word' id='word_1_12' title='bbox 289 674 346 729; x_wconf 91' lang='lat' dir='ltr'><strong>qua</strong></span> <span class='ocrx_word' id='word_1_13' title='bbox 372 659 402 716; x_wconf 91' lang='lat' dir='ltr'><strong>in</strong></span> <span class='ocrx_word' id='word_1_14' title='bbox 423 677 456 718; x_wconf 91' lang='lat' dir='ltr'><strong>re</strong></span> <span class='ocrx_word' id='word_1_15' title='bbox 482 661 561 718; x_wconf 88' lang='lat' dir='ltr'><strong>hand</strong></span> <span class='ocrx_word' id='word_1_16' title='bbox 588 657 648 718; x_wconf 91' lang='lat' dir='ltr'><strong>scio</strong></span> <span class='ocrx_word' id='word_1_17' title='bbox 675 675 712 716; x_wconf 88' lang='lat' dir='ltr'><strong>an</strong></span> <span class='ocrx_word' id='word_1_18' title='bbox 734 659 863 717; x_wconf 86' lang='lat' dir='ltr'><strong>Graecos</strong></span> <span class='ocrx_word' id='word_1_19' title='bbox 890 661 1005 716; x_wconf 88' lang='lat' dir='ltr'><strong>secutus</strong></span> <span class='ocrx_word' id='word_1_20' title='bbox 1028 657 1075 728; x_wconf 91' lang='lat' dir='ltr'><strong>sit,</strong></span> <span class='ocrx_word' id='word_1_21' title='bbox 1098 656 1147 728; x_wconf 92' lang='lat' dir='ltr'><strong>qui</strong></span> <span class='ocrx_word' id='word_1_22' title='bbox 1174 657 1275 716; x_wconf 89' lang='lat' dir='ltr'><strong>dicunt</strong></span> 
     </span>
     <span class='ocr_line' id='line_1_4' title="bbox 93 734 1273 826; baseline -0.001 -24"><span class='ocrx_word' id='word_1_23' title='bbox 93 734 166 822; x_wconf 84' lang='grc' dir='ltr'><strong>μὴν</strong></span> <span class='ocrx_word' id='word_1_24' title='bbox 192 737 381 822; x_wconf 79' lang='grc' dir='ltr'><em>ἱστάμενος,</em></span> <span class='ocrx_word' id='word_1_25' title='bbox 403 746 535 823; x_wconf 79' lang='grc' dir='ltr'><strong><em>μεσοῦν,</em></strong></span> <span class='ocrx_word' id='word_1_26' title='bbox 558 745 701 826; x_wconf 68' lang='grc' dir='ltr'><strong>φθίνων.</strong></span> <span class='ocrx_word' id='word_1_27' title='bbox 724 777 762 786; x_wconf 90' lang='lat'><strong>-—</strong></span> <span class='ocrx_word' id='word_1_28' title='bbox 787 744 926 802; x_wconf 82' lang='lat' dir='ltr'><strong>Similiter</strong></span> <span class='ocrx_word' id='word_1_29' title='bbox 948 743 1067 802; x_wconf 77' lang='lat' dir='ltr'><strong>Tacitus</strong></span> <span class='ocrx_word' id='word_1_30' title='bbox 1089 761 1155 800; x_wconf 90' lang='lat' dir='ltr'><strong>ann.</strong></span> <span class='ocrx_word' id='word_1_31' title='bbox 1177 742 1214 813; x_wconf 87' lang='lat' dir='ltr'><strong>ll,</strong></span> <span class='ocrx_word' id='word_1_32' title='bbox 1234 744 1273 801; x_wconf 95' lang='grc'><strong>23</strong></span> 
     </span>
     <span class='ocr_line' id='line_1_5' title="bbox 94 829 1274 902; baseline 0.001 -17"><span class='ocrx_word' id='word_1_33' title='bbox 94 833 215 886; x_wconf 79' lang='lat' dir='ltr'>aestate</span> <span class='ocrx_word' id='word_1_34' title='bbox 236 830 344 888; x_wconf 87' lang='lat' dir='ltr'><strong>adulta.</strong></span> <span class='ocrx_word' id='word_1_35' title='bbox 389 831 441 902; x_wconf 91' lang='lat' dir='ltr'><strong>XI,</strong></span> <span class='ocrx_word' id='word_1_36' title='bbox 464 833 502 890; x_wconf 89' lang='lat'><strong>31</strong></span> <span class='ocrx_word' id='word_1_37' title='bbox 527 832 628 889; x_wconf 89' lang='lat' dir='ltr'><strong>adulto</strong></span> <span class='ocrx_word' id='word_1_38' title='bbox 652 834 799 888; x_wconf 87' lang='lat' dir='ltr'><strong>autumno.</strong></span> <span class='ocrx_word' id='word_1_39' title='bbox 843 829 926 900; x_wconf 91' lang='lat' dir='ltr'>XIII,</span> <span class='ocrx_word' id='word_1_40' title='bbox 949 831 988 888; x_wconf 87' lang='lat'><strong>36</strong></span> <span class='ocrx_word' id='word_1_41' title='bbox 1012 831 1103 889; x_wconf 89' lang='lat' dir='ltr'><strong>donec</strong></span> <span class='ocrx_word' id='word_1_42' title='bbox 1125 845 1176 886; x_wconf 89' lang='lat' dir='ltr'><strong>ver</strong></span> <span class='ocrx_word' id='word_1_43' title='bbox 1202 830 1274 886; x_wconf 87' lang='lat' dir='ltr'><strong>ado-</strong></span> 
     </span>
     <span class='ocr_line' id='line_1_6' title="bbox 93 913 1274 987; baseline 0 -16"><span class='ocrx_word' id='word_1_44' title='bbox 93 915 231 972; x_wconf 89' lang='lat' dir='ltr'><strong>lesceret.</strong></span> <span class='ocrx_word' id='word_1_45' title='bbox 260 913 453 987; x_wconf 80' lang='lat' dir='ltr'><strong>hist.111,23</strong></span> <span class='ocrx_word' id='word_1_46' title='bbox 472 922 558 976; x_wconf 88' lang='grc'><strong>110010</strong></span> <span class='ocrx_word' id='word_1_47' title='bbox 575 916 676 975; x_wconf 80' lang='lat' dir='ltr'><strong>adurlta</strong></span> <span class='ocrx_word' id='word_1_48' title='bbox 693 949 731 958; x_wconf 80' lang='lat'>-</span> <span class='ocrx_word' id='word_1_49' title='bbox 753 921 783 974; x_wconf 87' lang='lat' dir='ltr'><strong>et</strong></span> <span class='ocrx_word' id='word_1_50' title='bbox 799 915 936 974; x_wconf 83' lang='lat' dir='ltr'><strong>Aurelius</strong></span> <span class='ocrx_word' id='word_1_51' title='bbox 950 915 1061 986; x_wconf 77' lang='lat' dir='ltr'><strong>Victor,</strong></span> <span class='ocrx_word' id='word_1_52' title='bbox 1079 915 1128 985; x_wconf 91' lang='lat' dir='ltr'><strong>qui</strong></span> <span class='ocrx_word' id='word_1_53' title='bbox 1146 914 1274 972; x_wconf 88' lang='lat' dir='ltr'><strong>universi</strong></span> 
     </span>
     <span class='ocr_line' id='line_1_7' title="bbox 96 999 1274 1076; baseline 0.003 -19"><span class='ocrx_word' id='word_1_54' title='bbox 96 999 233 1058; x_wconf 88' lang='lat' dir='ltr'><strong>Sallustii</strong></span> <span class='ocrx_word' id='word_1_55' title='bbox 252 1003 393 1061; x_wconf 88' lang='lat' dir='ltr'><strong>sermonis</strong></span> <span class='ocrx_word' id='word_1_56' title='bbox 412 1005 507 1062; x_wconf 91' lang='lat' dir='ltr'><strong>cultor</strong></span> <span class='ocrx_word' id='word_1_57' title='bbox 524 1008 612 1076; x_wconf 87' lang='lat' dir='ltr'><strong>atque</strong></span> <span class='ocrx_word' id='word_1_58' title='bbox 629 1006 743 1061; x_wconf 88' lang='lat' dir='ltr'><strong>amator</strong></span> <span class='ocrx_word' id='word_1_59' title='bbox 762 1008 814 1074; x_wconf 91' lang='lat' dir='ltr'><strong>est,</strong></span> <span class='ocrx_word' id='word_1_60' title='bbox 833 1002 914 1061; x_wconf 83' lang='lat' dir='ltr'>Caes.</span> <span class='ocrx_word' id='word_1_61' title='bbox 934 1003 1015 1073; x_wconf 75' lang='grc'><strong>323</strong></span> <span class='ocrx_word' id='word_1_62' title='bbox 1034 1002 1136 1061; x_wconf 88' lang='lat' dir='ltr'><strong>adulta</strong></span> <span class='ocrx_word' id='word_1_63' title='bbox 1153 1005 1274 1060; x_wconf 86' lang='lat' dir='ltr'><strong>aestate.</strong></span> 
     </span>
     <span class='ocr_line' id='line_1_8' title="bbox 186 1085 1274 1161; baseline -0.001 -17"><span class='ocrx_word' id='word_1_64' title='bbox 186 1085 343 1145; x_wconf 89' lang='lat' dir='ltr'><strong>Praeterea</strong></span> <span class='ocrx_word' id='word_1_65' title='bbox 360 1087 561 1148; x_wconf 86' lang='lat' dir='ltr'><strong>conferantur:</strong></span> <span class='ocrx_word' id='word_1_66' title='bbox 584 1089 652 1147; x_wconf 88' lang='lat' dir='ltr'><strong>Sall.</strong></span> <span class='ocrx_word' id='word_1_67' title='bbox 671 1087 732 1146; x_wconf 81' lang='lat' dir='ltr'><strong>Cat.</strong></span> <span class='ocrx_word' id='word_1_68' title='bbox 753 1091 833 1159; x_wconf 90' lang='grc'><strong>29,1</strong></span> <span class='ocrx_word' id='word_1_69' title='bbox 854 1087 974 1160; x_wconf 91' lang='lat' dir='ltr'><strong>ancipiti</strong></span> <span class='ocrx_word' id='word_1_70' title='bbox 993 1085 1099 1161; x_wconf 83' lang='lat' dir='ltr'><strong>malo²)</strong></span> <span class='ocrx_word' id='word_1_71' title='bbox 1116 1091 1274 1158; x_wconf 92' lang='lat' dir='ltr'><strong>permotus.</strong></span> 
     </span>
     <span class='ocr_line' id='line_1_9' title="bbox 94 1172 1273 1246; baseline 0.003 -17"><span class='ocrx_word' id='word_1_72' title='bbox 94 1172 141 1243; x_wconf 93' lang='grc' dir='ltr'><strong>Ι3.</strong></span> <span class='ocrx_word' id='word_1_73' title='bbox 163 1175 212 1243; x_wconf 87' lang='grc'><strong>67,</strong></span> <span class='ocrx_word' id='word_1_74' title='bbox 232 1174 258 1230; x_wconf 92' lang='grc'><strong>2.</strong></span> <span class='ocrx_word' id='word_1_75' title='bbox 278 1206 317 1215; x_wconf 91' lang='grc'>-</span> <span class='ocrx_word' id='word_1_76' title='bbox 337 1173 579 1246; x_wconf 85' lang='grc'><strong>01111.4,15,9.</strong></span> <span class='ocrx_word' id='word_1_77' title='bbox 607 1176 635 1244; x_wconf 87' lang='lat'><strong>5,</strong></span> <span class='ocrx_word' id='word_1_78' title='bbox 655 1176 682 1245; x_wconf 88' lang='lat'><strong>3,</strong></span> <span class='ocrx_word' id='word_1_79' title='bbox 703 1177 750 1231; x_wconf 92' lang='lat'><strong>11.</strong></span> <span class='ocrx_word' id='word_1_80' title='bbox 774 1175 802 1245; x_wconf 90' lang='lat'><strong>4,</strong></span> <span class='ocrx_word' id='word_1_81' title='bbox 822 1175 871 1234; x_wconf 86' lang='lat'><strong>31.</strong></span> <span class='ocrx_word' id='word_1_82' title='bbox 893 1175 921 1245; x_wconf 88' lang='grc'><strong>8,</strong></span> <span class='ocrx_word' id='word_1_83' title='bbox 942 1174 989 1245; x_wconf 90' lang='grc'><strong>14,</strong></span> <span class='ocrx_word' id='word_1_84' title='bbox 1009 1177 1036 1232; x_wconf 83' lang='grc'><strong>7.</strong></span> <span class='ocrx_word' id='word_1_85' title='bbox 1059 1173 1127 1232; x_wconf 89' lang='grc' dir='ltr'><strong>Το0.</strong></span> <span class='ocrx_word' id='word_1_86' title='bbox 1145 1173 1214 1243; x_wconf 86' lang='grc' dir='ltr'><strong>Α31.</strong></span> <span class='ocrx_word' id='word_1_87' title='bbox 1234 1175 1273 1232; x_wconf 93' lang='grc'><strong>26</strong></span> 
     </span>
     <span class='ocr_line' id='line_1_10' title="bbox 96 1257 1297 1328; baseline 0.003 -14"><span class='ocrx_word' id='word_1_88' title='bbox 96 1257 224 1328; x_wconf 90' lang='lat' dir='ltr'><strong>ancipiti</strong></span> <span class='ocrx_word' id='word_1_89' title='bbox 246 1260 323 1317; x_wconf 92' lang='lat' dir='ltr'><strong>malo</strong></span> <span class='ocrx_word' id='word_1_90' title='bbox 345 1259 451 1318; x_wconf 86' lang='lat' dir='ltr'><strong>territi.</strong></span> <span class='ocrx_word' id='word_1_91' title='bbox 1294 1292 1297 1302; x_wconf 79' lang='lat'>=</span> 
     </span>
     <span class='ocr_line' id='line_1_11' title="bbox 188 1343 1275 1418; baseline -0.001 -16"><span class='ocrx_word' id='word_1_92' title='bbox 188 1343 255 1402; x_wconf 90' lang='lat' dir='ltr'><strong>Sall.</strong></span> <span class='ocrx_word' id='word_1_93' title='bbox 277 1343 321 1416; x_wconf 98' lang='grc'><strong>13.</strong></span> <span class='ocrx_word' id='word_1_94' title='bbox 345 1346 414 1416; x_wconf 86' lang='grc'><strong>114,</strong></span> <span class='ocrx_word' id='word_1_95' title='bbox 438 1349 456 1404; x_wconf 93' lang='grc'>2</span> <span class='ocrx_word' id='word_1_96' title='bbox 479 1345 538 1402; x_wconf 84' lang='grc'><strong>0110</strong></span> <span class='ocrx_word' id='word_1_97' title='bbox 560 1345 658 1403; x_wconf 87' lang='lat' dir='ltr'><strong>omnia</strong></span> <span class='ocrx_word' id='word_1_98' title='bbox 679 1344 782 1403; x_wconf 86' lang='lat' dir='ltr'><strong>virtuti</strong></span> <span class='ocrx_word' id='word_1_99' title='bbox 804 1361 874 1404; x_wconf 90' lang='lat' dir='ltr'><strong>suae</strong></span> <span class='ocrx_word' id='word_1_100' title='bbox 896 1361 997 1418; x_wconf 90' lang='lat' dir='ltr'><strong>prona.</strong></span> <span class='ocrx_word' id='word_1_101' title='bbox 1042 1343 1109 1402; x_wconf 87' lang='lat' dir='ltr'><strong>Tac.</strong></span> <span class='ocrx_word' id='word_1_102' title='bbox 1132 1343 1201 1414; x_wconf 87' lang='lat' dir='ltr'><strong>Agr.</strong></span> <span class='ocrx_word' id='word_1_103' title='bbox 1225 1344 1275 1402; x_wconf 86' lang='lat'><strong>33.</strong></span> 
     </span>
     <span class='ocr_line' id='line_1_12' title="bbox 7 1429 782 1504; baseline 0.003 -17"><span class='ocrx_word' id='word_1_104' title='bbox 7 1469 8 1472; x_wconf 19' lang='grc' dir='ltr'><strong>κ</strong></span> <span class='ocrx_word' id='word_1_105' title='bbox 96 1430 170 1488; x_wconf 81' lang='lat' dir='ltr'><strong>hist.</strong></span> <span class='ocrx_word' id='word_1_106' title='bbox 187 1429 241 1500; x_wconf 93' lang='lat' dir='ltr'>III,</span> <span class='ocrx_word' id='word_1_107' title='bbox 260 1431 308 1490; x_wconf 90' lang='grc'><strong>64.</strong></span> <span class='ocrx_word' id='word_1_108' title='bbox 329 1431 425 1489; x_wconf 91' lang='lat' dir='ltr'><strong>omnia</strong></span> <span class='ocrx_word' id='word_1_109' title='bbox 443 1447 537 1504; x_wconf 91' lang='lat' dir='ltr'><strong>prona</strong></span> <span class='ocrx_word' id='word_1_110' title='bbox 554 1429 724 1489; x_wconf 88' lang='lat' dir='ltr'><strong>victoribus.</strong></span> <span class='ocrx_word' id='word_1_111' title='bbox 743 1463 782 1472; x_wconf 90' lang='lat'>-</span> 
     </span>
     <span class='ocr_line' id='line_1_13' title="bbox 7 1513 1273 1593; baseline -0.004 -18"><span class='ocrx_word' id='word_1_112' title='bbox 7 1517 9 1524; x_wconf 78' lang='grc'>’</span> <span class='ocrx_word' id='word_1_113' title='bbox 187 1515 255 1574; x_wconf 86' lang='lat' dir='ltr'><strong>Sall.</strong></span> <span class='ocrx_word' id='word_1_114' title='bbox 274 1517 340 1574; x_wconf 88' lang='lat' dir='ltr'><strong>hist.</strong></span> <span class='ocrx_word' id='word_1_115' title='bbox 358 1517 381 1575; x_wconf 93' lang='lat' dir='ltr'><strong>I.</strong></span> <span class='ocrx_word' id='word_1_116' title='bbox 401 1519 441 1576; x_wconf 93' lang='grc'><strong>10</strong></span> <span class='ocrx_word' id='word_1_117' title='bbox 458 1515 518 1593; x_wconf 93' lang='grc'><strong>(11)</strong></span> <span class='ocrx_word' id='word_1_118' title='bbox 543 1516 702 1588; x_wconf 89' lang='lat' dir='ltr'><strong>Postquam</strong></span> <span class='ocrx_word' id='word_1_119' title='bbox 724 1516 886 1576; x_wconf 80' lang='lat' dir='ltr'><strong>simultates</strong></span> <span class='ocrx_word' id='word_1_120' title='bbox 909 1524 1043 1574; x_wconf 79' lang='lat' dir='ltr'><strong>exercere</strong></span> <span class='ocrx_word' id='word_1_121' title='bbox 1065 1531 1186 1573; x_wconf 90' lang='lat' dir='ltr'><strong>vacuum</strong></span> <span class='ocrx_word' id='word_1_122' title='bbox 1209 1513 1273 1571; x_wconf 90' lang='lat' dir='ltr'><strong>fuit.</strong></span> 
     </span>
     <span class='ocr_line' id='line_1_14' title="bbox 98 1600 1198 1675; baseline -0.001 -16"><span class='ocrx_word' id='word_1_123' title='bbox 98 1601 170 1660; x_wconf 90' lang='lat' dir='ltr'><strong>Tac.</strong></span> <span class='ocrx_word' id='word_1_124' title='bbox 189 1601 257 1660; x_wconf 92' lang='lat' dir='ltr'><strong>hist.</strong></span> <span class='ocrx_word' id='word_1_125' title='bbox 275 1602 311 1673; x_wconf 94' lang='lat' dir='ltr'><strong>ll,</strong></span> <span class='ocrx_word' id='word_1_126' title='bbox 331 1604 371 1662; x_wconf 90' lang='lat'><strong>38</strong></span> <span class='ocrx_word' id='word_1_127' title='bbox 390 1603 441 1662; x_wconf 93' lang='lat' dir='ltr'><strong>ubi</strong></span> <span class='ocrx_word' id='word_1_128' title='bbox 464 1619 581 1662; x_wconf 90' lang='lat' dir='ltr'><strong>securas</strong></span> <span class='ocrx_word' id='word_1_129' title='bbox 604 1619 674 1675; x_wconf 90' lang='lat' dir='ltr'><strong>opes</strong></span> <span class='ocrx_word' id='word_1_130' title='bbox 697 1603 903 1673; x_wconf 79' lang='lat' dir='ltr'><strong>concupiscere</strong></span> <span class='ocrx_word' id='word_1_131' title='bbox 924 1618 1047 1660; x_wconf 91' lang='lat' dir='ltr'><strong>vacuum</strong></span> <span class='ocrx_word' id='word_1_132' title='bbox 1069 1600 1133 1658; x_wconf 87' lang='lat' dir='ltr'><strong>fuit.</strong></span> <span class='ocrx_word' id='word_1_133' title='bbox 1156 1631 1198 1642; x_wconf 85' lang='lat'><em>-</em></span> 
     </span>
     <span class='ocr_line' id='line_1_15' title="bbox 188 1685 1274 1760; baseline -0.003 -15"><span class='ocrx_word' id='word_1_134' title='bbox 188 1687 256 1746; x_wconf 90' lang='lat' dir='ltr'><strong>Sall.</strong></span> <span class='ocrx_word' id='word_1_135' title='bbox 275 1688 318 1759; x_wconf 90' lang='grc'><strong>13.</strong></span> <span class='ocrx_word' id='word_1_136' title='bbox 338 1691 386 1759; x_wconf 93' lang='grc'><strong>11,</strong></span> <span class='ocrx_word' id='word_1_137' title='bbox 405 1690 423 1748; x_wconf 88' lang='grc'><strong>3</strong></span> <span class='ocrx_word' id='word_1_138' title='bbox 443 1694 574 1748; x_wconf 88' lang='lat' dir='ltr'><strong>materno</strong></span> <span class='ocrx_word' id='word_1_139' title='bbox 594 1705 700 1760; x_wconf 84' lang='lat' dir='ltr'><strong>genere</strong></span> <span class='ocrx_word' id='word_1_140' title='bbox 717 1687 820 1760; x_wconf 89' lang='lat' dir='ltr'><strong>impar.</strong></span> <span class='ocrx_word' id='word_1_141' title='bbox 854 1688 894 1760; x_wconf 93' lang='lat' dir='ltr'><strong>lg.</strong></span> <span class='ocrx_word' id='word_1_142' title='bbox 916 1689 985 1759; x_wconf 88' lang='lat'>108,</span> <span class='ocrx_word' id='word_1_143' title='bbox 1006 1690 1031 1745; x_wconf 91' lang='lat'><strong>1.</strong></span> <span class='ocrx_word' id='word_1_144' title='bbox 1063 1687 1132 1745; x_wconf 87' lang='lat' dir='ltr'><strong>Tac.</strong></span> <span class='ocrx_word' id='word_1_145' title='bbox 1149 1686 1217 1744; x_wconf 88' lang='lat' dir='ltr'><strong>hist.</strong></span> <span class='ocrx_word' id='word_1_146' title='bbox 1234 1685 1274 1756; x_wconf 93' lang='grc' dir='ltr'><strong>ΙΙ,</strong></span> 
     </span>
     <span class='ocr_line' id='line_1_16' title="bbox 98 1773 628 1846; baseline 0.004 -16"><span class='ocrx_word' id='word_1_147' title='bbox 98 1773 142 1831; x_wconf 89' lang='lat'><strong>50</strong></span> <span class='ocrx_word' id='word_1_148' title='bbox 165 1780 327 1832; x_wconf 88' lang='lat' dir='ltr'><strong>maternum</strong></span> <span class='ocrx_word' id='word_1_149' title='bbox 349 1791 439 1845; x_wconf 88' lang='lat' dir='ltr'><strong>genus</strong></span> <span class='ocrx_word' id='word_1_150' title='bbox 461 1775 565 1846; x_wconf 89' lang='lat' dir='ltr'><strong>impar.</strong></span> <span class='ocrx_word' id='word_1_151' title='bbox 588 1812 628 1820; x_wconf 88' lang='lat'>—</span> 
     </span>
     <span class='ocr_line' id='line_1_17' title="bbox 189 1857 1298 1932; baseline -0.001 -15"><span class='ocrx_word' id='word_1_152' title='bbox 189 1859 256 1917; x_wconf 90' lang='lat' dir='ltr'><strong>Sall.</strong></span> <span class='ocrx_word' id='word_1_153' title='bbox 274 1860 316 1931; x_wconf 91' lang='lat' dir='ltr'><strong>lg.</strong></span> <span class='ocrx_word' id='word_1_154' title='bbox 336 1861 385 1932; x_wconf 87' lang='lat'><strong>95,</strong></span> <span class='ocrx_word' id='word_1_155' title='bbox 404 1863 422 1920; x_wconf 88' lang='lat'><strong>3</strong></span> <span class='ocrx_word' id='word_1_156' title='bbox 443 1862 533 1919; x_wconf 89' lang='lat' dir='ltr'><strong>otium</strong></span> <span class='ocrx_word' id='word_1_157' title='bbox 551 1859 739 1918; x_wconf 85' lang='lat' dir='ltr'><strong>luxuriosum.</strong></span> <span class='ocrx_word' id='word_1_158' title='bbox 762 1859 830 1917; x_wconf 89' lang='lat' dir='ltr'><strong>Tac.</strong></span> <span class='ocrx_word' id='word_1_159' title='bbox 847 1858 915 1916; x_wconf 94' lang='lat' dir='ltr'><strong>hist.</strong></span> <span class='ocrx_word' id='word_1_160' title='bbox 932 1857 987 1930; x_wconf 92' lang='grc' dir='ltr'><strong>ΙΠ,</strong></span> <span class='ocrx_word' id='word_1_161' title='bbox 1005 1860 1055 1918; x_wconf 91' lang='grc'><strong>83.</strong></span> <span class='ocrx_word' id='word_1_162' title='bbox 1073 1857 1112 1916; x_wconf 91' lang='lat' dir='ltr'><strong>id.</strong></span> <span class='ocrx_word' id='word_1_163' title='bbox 1132 1893 1171 1903; x_wconf 85' lang='grc'><strong>-</strong></span> <span class='ocrx_word' id='word_1_164' title='bbox 1295 1877 1298 1884; x_wconf 79' lang='grc'><strong><em>’</em></strong></span> 
     </span>
     <span class='ocr_line' id='line_1_18' title="bbox 188 1941 1275 2017; baseline -0.004 -14"><span class='ocrx_word' id='word_1_165' title='bbox 188 1945 593 2017; x_wconf 87' lang='lat' dir='ltr'><strong>Sall.Ig.65,1imminuta</strong></span> <span class='ocrx_word' id='word_1_166' title='bbox 615 1961 704 2004; x_wconf 90' lang='lat' dir='ltr'><strong>mens.</strong></span> <span class='ocrx_word' id='word_1_167' title='bbox 741 1945 808 2002; x_wconf 89' lang='lat' dir='ltr'><strong>Tac.</strong></span> <span class='ocrx_word' id='word_1_168' title='bbox 828 1961 895 2001; x_wconf 90' lang='lat' dir='ltr'><strong>ann.</strong></span> <span class='ocrx_word' id='word_1_169' title='bbox 915 1943 964 2015; x_wconf 90' lang='lat' dir='ltr'><strong>VI,</strong></span> <span class='ocrx_word' id='word_1_170' title='bbox 983 1945 1023 2004; x_wconf 89' lang='lat'><strong>46</strong></span> <span class='ocrx_word' id='word_1_171' title='bbox 1043 1942 1082 2003; x_wconf 90' lang='lat' dir='ltr'><strong>id.</strong></span> <span class='ocrx_word' id='word_1_172' title='bbox 1114 1943 1190 2001; x_wconf 86' lang='lat' dir='ltr'><strong>adde</strong></span> <span class='ocrx_word' id='word_1_173' title='bbox 1207 1941 1275 2000; x_wconf 89' lang='lat' dir='ltr'><strong>hist.</strong></span> 
     </span>
     <span class='ocr_line' id='line_1_19' title="bbox 98 2025 1148 2104; baseline 0.002 -18"><span class='ocrx_word' id='word_1_174' title='bbox 98 2030 141 2101; x_wconf 91' lang='lat' dir='ltr'><strong>II,</strong></span> <span class='ocrx_word' id='word_1_175' title='bbox 161 2031 201 2089; x_wconf 90' lang='grc'><strong>93</strong></span> <span class='ocrx_word' id='word_1_176' title='bbox 225 2031 352 2090; x_wconf 90' lang='lat' dir='ltr'><strong>animum</strong></span> <span class='ocrx_word' id='word_1_177' title='bbox 375 2031 544 2091; x_wconf 87' lang='lat' dir='ltr'><strong>imminuere</strong></span> <span class='ocrx_word' id='word_1_178' title='bbox 566 2025 620 2104; x_wconf 85' lang='lat' dir='ltr'><strong>pro</strong></span> <span class='ocrx_word' id='word_1_179' title='bbox 643 2036 767 2089; x_wconf 90' lang='lat' dir='ltr'><strong>mentem</strong></span> <span class='ocrx_word' id='word_1_180' title='bbox 790 2029 952 2089; x_wconf 88' lang='lat' dir='ltr'><strong>debilitare.</strong></span> <span class='ocrx_word' id='word_1_181' title='bbox 976 2062 1015 2072; x_wconf 82' lang='lat'><em>-</em></span> <span class='ocrx_word' id='word_1_182' title='bbox 1142 2026 1148 2038; x_wconf 70' lang='grc'><strong>“</strong></span> 
     </span>
    </p>
   </div>
   <div class='ocr_carea' id='block_1_3' title="bbox 7 2203 885 2360">
    <p class='ocr_par' dir='ltr' id='par_1_3' title="bbox 7 2203 885 2360">
     <span class='ocr_line' id='line_1_20' title="bbox 7 2203 885 2360; baseline -0.003 -62"><span class='ocrx_word' id='word_1_183' title='bbox 7 2203 10 2360; x_wconf 91' lang='grc'><strong>)</strong></span> <span class='ocrx_word' id='word_1_184' title='bbox 495 2231 534 2297; x_wconf 89' lang='grc' dir='ltr'><strong>Β.</strong></span> <span class='ocrx_word' id='word_1_185' title='bbox 567 2231 617 2300; x_wconf 87' lang='lat' dir='ltr'><strong>De</strong></span> <span class='ocrx_word' id='word_1_186' title='bbox 639 2229 885 2298; x_wconf 85' lang='lat' dir='ltr'><strong>substantivis.</strong></span> 
     </span>
    </p>
   </div>
   <div class='ocr_carea' id='block_1_4' title="bbox 7 2370 1363 4250">
    <p class='ocr_par' dir='ltr' id='par_1_4' title="bbox 7 2370 1363 4250">
     <span class='ocr_line' id='line_1_21' title="bbox 168 2370 1277 2446; baseline -0.001 -17"><span class='ocrx_word' id='word_1_187' title='bbox 168 2372 266 2432; x_wconf 91' lang='lat' dir='ltr'><strong>Verbo</strong></span> <span class='ocrx_word' id='word_1_188' title='bbox 289 2375 464 2446; x_wconf 87' lang='lat' dir='ltr'><strong>‘consultor’,</strong></span> <span class='ocrx_word' id='word_1_189' title='bbox 491 2391 548 2446; x_wconf 91' lang='lat' dir='ltr'><strong>quo</strong></span> <span class='ocrx_word' id='word_1_190' title='bbox 570 2375 657 2445; x_wconf 87' lang='lat' dir='ltr'><strong>vulgo</strong></span> <span class='ocrx_word' id='word_1_191' title='bbox 680 2371 861 2444; x_wconf 88' lang='lat' dir='ltr'><strong>significatur</strong></span> <span class='ocrx_word' id='word_1_192' title='bbox 883 2373 922 2442; x_wconf 92' lang='lat' dir='ltr'><strong>is,</strong></span> <span class='ocrx_word' id='word_1_193' title='bbox 949 2372 998 2443; x_wconf 92' lang='lat' dir='ltr'><strong>qui</strong></span> <span class='ocrx_word' id='word_1_194' title='bbox 1022 2371 1172 2430; x_wconf 90' lang='lat' dir='ltr'><strong>consilinm</strong></span> <span class='ocrx_word' id='word_1_195' title='bbox 1195 2370 1277 2442; x_wconf 86' lang='lat' dir='ltr'><strong>petit,</strong></span> 
     </span>
     <span class='ocr_line' id='line_1_22' title="bbox 7 2457 1275 2531; baseline -0.001 -15"><span class='ocrx_word' id='word_1_196' title='bbox 7 2519 8 2524; x_wconf 58' lang='grc'><strong>,</strong></span> <span class='ocrx_word' id='word_1_197' title='bbox 101 2476 191 2516; x_wconf 91' lang='lat' dir='ltr'><strong>versu</strong></span> <span class='ocrx_word' id='word_1_198' title='bbox 213 2460 366 2531; x_wconf 82' lang='lat' dir='ltr'><strong>populari,</strong></span> <span class='ocrx_word' id='word_1_199' title='bbox 386 2477 469 2531; x_wconf 92' lang='lat' dir='ltr'><strong>quem</strong></span> <span class='ocrx_word' id='word_1_200' title='bbox 492 2463 720 2518; x_wconf 89' lang='lat' dir='ltr'><strong>commemorant</strong></span> <span class='ocrx_word' id='word_1_201' title='bbox 740 2459 825 2516; x_wconf 90' lang='lat' dir='ltr'><strong>Varr.</strong></span> <span class='ocrx_word' id='word_1_202' title='bbox 848 2475 871 2516; x_wconf 91' lang='lat' dir='ltr'><strong>r.</strong></span> <span class='ocrx_word' id='word_1_203' title='bbox 889 2476 912 2516; x_wconf 93' lang='lat' dir='ltr'><strong>r.</strong></span> <span class='ocrx_word' id='word_1_204' title='bbox 931 2459 959 2529; x_wconf 89' lang='lat'><strong>3,</strong></span> <span class='ocrx_word' id='word_1_205' title='bbox 978 2459 1006 2528; x_wconf 92' lang='grc'><strong>2,</strong></span> <span class='ocrx_word' id='word_1_206' title='bbox 1026 2460 1041 2516; x_wconf 92' lang='grc'><strong>1</strong></span> <span class='ocrx_word' id='word_1_207' title='bbox 1063 2462 1092 2516; x_wconf 93' lang='lat' dir='ltr'><strong>et</strong></span> <span class='ocrx_word' id='word_1_208' title='bbox 1113 2457 1187 2515; x_wconf 89' lang='lat' dir='ltr'><strong>Gell.</strong></span> <span class='ocrx_word' id='word_1_209' title='bbox 1210 2457 1239 2527; x_wconf 90' lang='lat'><strong>4,</strong></span> <span class='ocrx_word' id='word_1_210' title='bbox 1256 2458 1275 2515; x_wconf 84' lang='lat'>5</span> 
     </span>
     <span class='ocr_line' id='line_1_23' title="bbox 103 2540 1277 2626; baseline -0.001 -24"><span class='ocrx_word' id='word_1_211' title='bbox 103 2545 220 2602; x_wconf 91' lang='lat' dir='ltr'><strong>‘malum</strong></span> <span class='ocrx_word' id='word_1_212' title='bbox 243 2545 396 2604; x_wconf 89' lang='lat' dir='ltr'><strong>consilium</strong></span> <span class='ocrx_word' id='word_1_213' title='bbox 419 2546 579 2605; x_wconf 92' lang='lat' dir='ltr'><strong>consultori</strong></span> <span class='ocrx_word' id='word_1_214' title='bbox 605 2540 839 2626; x_wconf 66' lang='lat' dir='ltr'><strong>pessimumst’b,</strong></span> <span class='ocrx_word' id='word_1_215' title='bbox 862 2544 970 2620; x_wconf 86' lang='lat' dir='ltr'><strong>dicitnr</strong></span> <span class='ocrx_word' id='word_1_216' title='bbox 991 2544 1029 2615; x_wconf 92' lang='lat' dir='ltr'><strong>is,</strong></span> <span class='ocrx_word' id='word_1_217' title='bbox 1052 2542 1102 2614; x_wconf 91' lang='lat' dir='ltr'><strong>qui</strong></span> <span class='ocrx_word' id='word_1_218' title='bbox 1124 2542 1277 2601; x_wconf 89' lang='lat' dir='ltr'><strong>consilium</strong></span> 
     </span>
     <span class='ocr_line' id='line_1_24' title="bbox 105 2627 1276 2707; baseline -0.003 -18"><span class='ocrx_word' id='word_1_219' title='bbox 105 2632 164 2689; x_wconf 88' lang='lat' dir='ltr'><strong>dat.</strong></span> <span class='ocrx_word' id='word_1_220' title='bbox 201 2631 286 2690; x_wconf 91' lang='lat' dir='ltr'><strong>Hunc</strong></span> <span class='ocrx_word' id='word_1_221' title='bbox 308 2648 421 2689; x_wconf 91' lang='lat' dir='ltr'><strong>versum</strong></span> <span class='ocrx_word' id='word_1_222' title='bbox 435 2631 541 2690; x_wconf 87' lang='lat' dir='ltr'><strong>Latini</strong></span> <span class='ocrx_word' id='word_1_223' title='bbox 563 2631 699 2692; x_wconf 84' lang='lat' dir='ltr'><strong>videntur</strong></span> <span class='ocrx_word' id='word_1_224' title='bbox 720 2629 876 2689; x_wconf 84' lang='lat' dir='ltr'><strong>aGraecis</strong></span> <span class='ocrx_word' id='word_1_225' title='bbox 900 2630 1058 2702; x_wconf 89' lang='lat' dir='ltr'><strong>sumpsisse</strong></span> <span class='ocrx_word' id='word_1_226' title='bbox 1077 2627 1139 2707; x_wconf 84' lang='lat' dir='ltr'><strong>(cfr.</strong></span> <span class='ocrx_word' id='word_1_227' title='bbox 1156 2627 1276 2687; x_wconf 89' lang='lat' dir='ltr'><strong>Hesiod.</strong></span> 
     </span>
     <span class='ocr_line' id='line_1_25' title="bbox 102 2707 1276 2799; baseline -0.003 -25"><span class='ocrx_word' id='word_1_228' title='bbox 102 2717 137 2774; x_wconf 87' lang='lat' dir='ltr'><strong>E.</strong></span> <span class='ocrx_word' id='word_1_229' title='bbox 162 2707 327 2798; x_wconf 71' lang='grc'><strong>2641)(11</strong></span> <span class='ocrx_word' id='word_1_230' title='bbox 356 2709 439 2799; x_wconf 81' lang='grc' dir='ltr'><strong><em>κακὴ</em></strong></span> <span class='ocrx_word' id='word_1_231' title='bbox 466 2712 570 2799; x_wconf 77' lang='grc' dir='ltr'><strong><em>βουλὴ</em></strong></span> <span class='ocrx_word' id='word_1_232' title='bbox 597 2717 644 2798; x_wconf 80' lang='grc' dir='ltr'><strong>τῷ</strong></span> <span class='ocrx_word' id='word_1_233' title='bbox 667 2708 885 2795; x_wconf 81' lang='grc' dir='ltr'><strong><em>βουλεύσαντι</em></strong></span> <span class='ocrx_word' id='word_1_234' title='bbox 906 2713 1064 2799; x_wconf 79' lang='grc' dir='ltr'><strong>κακίστη.)</strong></span> <span class='ocrx_word' id='word_1_235' title='bbox 1094 2731 1187 2785; x_wconf 88' lang='lat' dir='ltr'><strong>neque</strong></span> <span class='ocrx_word' id='word_1_236' title='bbox 1214 2715 1276 2772; x_wconf 91' lang='lat' dir='ltr'><strong>eius</strong></span> 
     </span>
     <span class='ocr_line' id='line_1_26' title="bbox 104 2797 1275 2875; baseline -0.003 -15"><span class='ocrx_word' id='word_1_237' title='bbox 104 2802 274 2861; x_wconf 81' lang='lat' dir='ltr'><strong>Sallustium</strong></span> <span class='ocrx_word' id='word_1_238' title='bbox 297 2803 462 2861; x_wconf 88' lang='lat' dir='ltr'><strong>meminisse</strong></span> <span class='ocrx_word' id='word_1_239' title='bbox 484 2820 543 2861; x_wconf 92' lang='lat' dir='ltr'><strong>non</strong></span> <span class='ocrx_word' id='word_1_240' title='bbox 566 2803 708 2873; x_wconf 84' lang='lat' dir='ltr'><strong>existimo,</strong></span> <span class='ocrx_word' id='word_1_241' title='bbox 731 2813 794 2860; x_wconf 86' lang='lat' dir='ltr'><strong>cum</strong></span> <span class='ocrx_word' id='word_1_242' title='bbox 818 2800 961 2860; x_wconf 88' lang='lat' dir='ltr'><strong>scriberet</strong></span> <span class='ocrx_word' id='word_1_243' title='bbox 981 2801 1048 2859; x_wconf 90' lang='lat' dir='ltr'><strong>hist.</strong></span> <span class='ocrx_word' id='word_1_244' title='bbox 1071 2800 1094 2858; x_wconf 94' lang='lat' dir='ltr'><strong>I.</strong></span> <span class='ocrx_word' id='word_1_245' title='bbox 1113 2801 1154 2858; x_wconf 94' lang='lat'><strong>48</strong></span> <span class='ocrx_word' id='word_1_246' title='bbox 1172 2797 1275 2875; x_wconf 83' lang='grc'><strong>(51),1</strong></span> 
     </span>
     <span class='ocr_line' id='line_1_27' title="bbox 7 2885 1278 2961; baseline -0.002 -16"><span class='ocrx_word' id='word_1_247' title='bbox 7 2887 8 2896; x_wconf 75' lang='grc'>’</span> <span class='ocrx_word' id='word_1_248' title='bbox 101 2889 231 2946; x_wconf 82' lang='lat' dir='ltr'><strong>Maxime</strong></span> <span class='ocrx_word' id='word_1_249' title='bbox 249 2889 349 2947; x_wconf 93' lang='lat' dir='ltr'><strong>vellem</strong></span> <span class='ocrx_word' id='word_1_250' title='bbox 367 2905 458 2961; x_wconf 90' lang='lat' dir='ltr'><strong>prava</strong></span> <span class='ocrx_word' id='word_1_251' title='bbox 476 2888 593 2961; x_wconf 86' lang='lat' dir='ltr'><strong>incepta</strong></span> <span class='ocrx_word' id='word_1_252' title='bbox 611 2887 827 2947; x_wconf 89' lang='lat' dir='ltr'><strong>consultoribus</strong></span> <span class='ocrx_word' id='word_1_253' title='bbox 846 2904 940 2946; x_wconf 87' lang='grc'><strong>1101100</strong></span> <span class='ocrx_word' id='word_1_254' title='bbox 958 2904 1021 2946; x_wconf 91' lang='lat' dir='ltr'><strong>esse</strong></span> <span class='ocrx_word' id='word_1_255' title='bbox 1038 2892 1068 2945; x_wconf 91' lang='lat' dir='ltr'><strong>et</strong></span> <span class='ocrx_word' id='word_1_256' title='bbox 1082 2886 1150 2944; x_wconf 90' lang='lat' dir='ltr'><strong>hist.</strong></span> <span class='ocrx_word' id='word_1_257' title='bbox 1167 2885 1203 2943; x_wconf 91' lang='lat' dir='ltr'><strong>fr.</strong></span> <span class='ocrx_word' id='word_1_258' title='bbox 1223 2885 1278 2943; x_wconf 92' lang='lat' dir='ltr'><strong>inc.</strong></span> 
     </span>
     <span class='ocr_line' id='line_1_28' title="bbox 103 2971 1278 3050; baseline -0.003 -18"><span class='ocrx_word' id='word_1_259' title='bbox 103 2975 145 3032; x_wconf 85' lang='lat'><strong>83</strong></span> <span class='ocrx_word' id='word_1_260' title='bbox 171 2973 238 3050; x_wconf 82' lang='grc'><strong>(57).</strong></span> <span class='ocrx_word' id='word_1_261' title='bbox 268 2973 349 3032; x_wconf 83' lang='lat' dir='ltr'><strong>‘talia</strong></span> <span class='ocrx_word' id='word_1_262' title='bbox 379 2974 507 3047; x_wconf 86' lang='lat' dir='ltr'><strong>incepta,</strong></span> <span class='ocrx_word' id='word_1_263' title='bbox 539 2976 570 3033; x_wconf 93' lang='lat' dir='ltr'><strong>ni</strong></span> <span class='ocrx_word' id='word_1_264' title='bbox 596 2974 626 3032; x_wconf 90' lang='grc'><strong>111</strong></span> <span class='ocrx_word' id='word_1_265' title='bbox 654 2973 849 3033; x_wconf 87' lang='lat' dir='ltr'><strong>consultorem</strong></span> <span class='ocrx_word' id='word_1_266' title='bbox 874 2974 1044 3042; x_wconf 84' lang='lat' dir='ltr'><strong>vertissent,</strong></span> <span class='ocrx_word' id='word_1_267' title='bbox 1075 2971 1278 3042; x_wconf 89' lang='lat' dir='ltr'><strong>reipublicae</strong></span> 
     </span>
     <span class='ocr_line' id='line_1_29' title="bbox 102 3048 1278 3132; baseline -0.001 -15"><span class='ocrx_word' id='word_1_268' title='bbox 102 3064 215 3131; x_wconf 90' lang='lat' dir='ltr'><strong>pestem</strong></span> <span class='ocrx_word' id='word_1_269' title='bbox 234 3048 365 3130; x_wconf 72' lang='lat' dir='ltr'><strong>factura,</strong></span> <span class='ocrx_word' id='word_1_270' title='bbox 384 3094 423 3102; x_wconf 87' lang='lat'>-</span> <span class='ocrx_word' id='word_1_271' title='bbox 443 3061 549 3132; x_wconf 89' lang='lat' dir='ltr'><strong>quibus</strong></span> <span class='ocrx_word' id='word_1_272' title='bbox 572 3078 589 3118; x_wconf 94' lang='lat' dir='ltr'><strong>a</strong></span> <span class='ocrx_word' id='word_1_273' title='bbox 610 3060 683 3118; x_wconf 89' lang='lat' dir='ltr'><strong>locis</strong></span> <span class='ocrx_word' id='word_1_274' title='bbox 706 3077 764 3118; x_wconf 93' lang='lat' dir='ltr'><strong>non</strong></span> <span class='ocrx_word' id='word_1_275' title='bbox 787 3059 890 3131; x_wconf 89' lang='lat' dir='ltr'><strong>procul</strong></span> <span class='ocrx_word' id='word_1_276' title='bbox 907 3060 990 3116; x_wconf 91' lang='lat' dir='ltr'><strong>abest</strong></span> <span class='ocrx_word' id='word_1_277' title='bbox 1008 3057 1076 3115; x_wconf 90' lang='lat' dir='ltr'><strong>Tac.</strong></span> <span class='ocrx_word' id='word_1_278' title='bbox 1092 3075 1158 3115; x_wconf 91' lang='lat' dir='ltr'><strong>ann.</strong></span> <span class='ocrx_word' id='word_1_279' title='bbox 1173 3057 1222 3127; x_wconf 89' lang='lat' dir='ltr'><strong>VI,</strong></span> <span class='ocrx_word' id='word_1_280' title='bbox 1238 3059 1278 3116; x_wconf 92' lang='grc'><strong>10</strong></span> 
     </span>
     <span class='ocr_line' id='line_1_30' title="bbox 105 3143 1277 3218; baseline -0.001 -16"><span class='ocrx_word' id='word_1_281' title='bbox 105 3145 168 3216; x_wconf 76' lang='lat' dir='ltr'><strong>Quo</strong></span> <span class='ocrx_word' id='word_1_282' title='bbox 191 3145 297 3204; x_wconf 88' lang='lat' dir='ltr'><strong>laetius</strong></span> <span class='ocrx_word' id='word_1_283' title='bbox 319 3151 469 3218; x_wconf 91' lang='lat' dir='ltr'><strong>acceptum</strong></span> <span class='ocrx_word' id='word_1_284' title='bbox 493 3164 545 3204; x_wconf 90' lang='lat' dir='ltr'><strong>sua</strong></span> <span class='ocrx_word' id='word_1_285' title='bbox 568 3148 697 3218; x_wconf 89' lang='lat' dir='ltr'><strong>exempla</strong></span> <span class='ocrx_word' id='word_1_286' title='bbox 716 3145 745 3203; x_wconf 92' lang='lat' dir='ltr'><strong>in</strong></span> <span class='ocrx_word' id='word_1_287' title='bbox 765 3145 945 3206; x_wconf 90' lang='lat' dir='ltr'><strong>consultores</strong></span> <span class='ocrx_word' id='word_1_288' title='bbox 963 3143 1111 3203; x_wconf 88' lang='lat' dir='ltr'><strong>recidisse.</strong></span> <span class='ocrx_word' id='word_1_289' title='bbox 1129 3143 1277 3201; x_wconf 86' lang='lat' dir='ltr'><strong>-·Prae-</strong></span> 
     </span>
     <span class='ocr_line' id='line_1_31' title="bbox 105 3229 1277 3305; baseline -0.003 -17"><span class='ocrx_word' id='word_1_290' title='bbox 105 3236 186 3290; x_wconf 89' lang='lat' dir='ltr'><strong>terea</strong></span> <span class='ocrx_word' id='word_1_291' title='bbox 208 3230 308 3291; x_wconf 88' lang='lat' dir='ltr'><strong>confer</strong></span> <span class='ocrx_word' id='word_1_292' title='bbox 330 3232 397 3291; x_wconf 87' lang='lat' dir='ltr'><strong>Sall.</strong></span> <span class='ocrx_word' id='word_1_293' title='bbox 420 3232 461 3305; x_wconf 92' lang='lat' dir='ltr'><strong>lg.</strong></span> <span class='ocrx_word' id='word_1_294' title='bbox 484 3233 534 3303; x_wconf 88' lang='lat'><strong>85,</strong></span> <span class='ocrx_word' id='word_1_295' title='bbox 556 3233 595 3292; x_wconf 79' lang='lat'><strong>47</strong></span> <span class='ocrx_word' id='word_1_296' title='bbox 620 3235 734 3304; x_wconf 84' lang='lat' dir='ltr'><strong>egomet</strong></span> <span class='ocrx_word' id='word_1_297' title='bbox 760 3231 790 3288; x_wconf 92' lang='lat' dir='ltr'><strong>in</strong></span> <span class='ocrx_word' id='word_1_298' title='bbox 812 3230 927 3302; x_wconf 85' lang='lat' dir='ltr'><strong>agmine</strong></span> <span class='ocrx_word' id='word_1_299' title='bbox 948 3234 1000 3287; x_wconf 90' lang='lat' dir='ltr'><strong>aut</strong></span> <span class='ocrx_word' id='word_1_300' title='bbox 1021 3229 1052 3287; x_wconf 92' lang='lat' dir='ltr'><strong>in</strong></span> <span class='ocrx_word' id='word_1_301' title='bbox 1074 3229 1186 3301; x_wconf 91' lang='lat' dir='ltr'><strong>proelio</strong></span> <span class='ocrx_word' id='word_1_302' title='bbox 1209 3245 1277 3286; x_wconf 91' lang='lat' dir='ltr'><strong>con·</strong></span> 
     </span>
     <span class='ocr_line' id='line_1_32' title="bbox 106 3314 1278 3390; baseline -0.003 -16"><span class='ocrx_word' id='word_1_303' title='bbox 106 3318 200 3375; x_wconf 90' lang='lat' dir='ltr'><strong>sultor</strong></span> <span class='ocrx_word' id='word_1_304' title='bbox 217 3318 317 3376; x_wconf 90' lang='lat' dir='ltr'><strong>adero.</strong></span> <span class='ocrx_word' id='word_1_305' title='bbox 340 3317 407 3376; x_wconf 89' lang='lat' dir='ltr'><strong>Tac.</strong></span> <span class='ocrx_word' id='word_1_306' title='bbox 425 3335 492 3375; x_wconf 91' lang='lat' dir='ltr'><strong>ann.</strong></span> <span class='ocrx_word' id='word_1_307' title='bbox 507 3318 558 3390; x_wconf 88' lang='lat' dir='ltr'><strong>IV,</strong></span> <span class='ocrx_word' id='word_1_308' title='bbox 572 3319 612 3376; x_wconf 91' lang='grc'><strong>24</strong></span> <span class='ocrx_word' id='word_1_309' title='bbox 631 3318 694 3390; x_wconf 92' lang='lat' dir='ltr'><strong>ipse</strong></span> <span class='ocrx_word' id='word_1_310' title='bbox 713 3317 861 3375; x_wconf 88' lang='lat' dir='ltr'><strong>consultor</strong></span> <span class='ocrx_word' id='word_1_311' title='bbox 878 3317 982 3374; x_wconf 89' lang='lat' dir='ltr'><strong>aderat</strong></span> <span class='ocrx_word' id='word_1_312' title='bbox 1000 3314 1142 3374; x_wconf 91' lang='lat' dir='ltr'><strong>omnibus.</strong></span> <span class='ocrx_word' id='word_1_313' title='bbox 1177 3314 1278 3385; x_wconf 88' lang='lat' dir='ltr'><strong>Neque</strong></span> 
     </span>
     <span class='ocr_line' id='line_1_33' title="bbox 106 3400 1278 3471; baseline -0.002 -11"><span class='ocrx_word' id='word_1_314' title='bbox 106 3402 172 3460; x_wconf 90' lang='lat' dir='ltr'><strong>aliis</strong></span> <span class='ocrx_word' id='word_1_315' title='bbox 194 3401 267 3462; x_wconf 91' lang='lat' dir='ltr'><strong>locis</strong></span> <span class='ocrx_word' id='word_1_316' title='bbox 285 3403 440 3462; x_wconf 86' lang='lat' dir='ltr'><strong>Sallustius</strong></span> <span class='ocrx_word' id='word_1_317' title='bbox 463 3405 552 3463; x_wconf 89' lang='lat' dir='ltr'><strong>verbo</strong></span> <span class='ocrx_word' id='word_1_318' title='bbox 572 3403 739 3463; x_wconf 85' lang='lat' dir='ltr'><strong>‘consultor&#39;</strong></span> <span class='ocrx_word' id='word_1_319' title='bbox 756 3402 831 3460; x_wconf 88' lang='lat' dir='ltr'><strong>hanc</strong></span> <span class='ocrx_word' id='word_1_320' title='bbox 848 3401 905 3459; x_wconf 91' lang='lat' dir='ltr'><strong>vim</strong></span> <span class='ocrx_word' id='word_1_321' title='bbox 928 3419 987 3460; x_wconf 92' lang='lat' dir='ltr'><strong>non</strong></span> <span class='ocrx_word' id='word_1_322' title='bbox 1014 3401 1131 3460; x_wconf 88' lang='lat' dir='ltr'><strong>subicit.</strong></span> <span class='ocrx_word' id='word_1_323' title='bbox 1165 3400 1206 3471; x_wconf 90' lang='lat' dir='ltr'><strong>Ig.</strong></span> <span class='ocrx_word' id='word_1_324' title='bbox 1228 3401 1278 3470; x_wconf 89' lang='grc'><strong>64,</strong></span> 
     </span>
     <span class='ocr_line' id='line_1_34' title="bbox 107 3485 1278 3566; baseline -0.003 -20"><span class='ocrx_word' id='word_1_325' title='bbox 107 3490 136 3546; x_wconf 90' lang='lat'><strong>5.</strong></span> <span class='ocrx_word' id='word_1_326' title='bbox 160 3490 229 3559; x_wconf 88' lang='grc'><strong>103,</strong></span> <span class='ocrx_word' id='word_1_327' title='bbox 249 3491 276 3547; x_wconf 83' lang='grc' dir='ltr'><strong>Ι.</strong></span> <span class='ocrx_word' id='word_1_328' title='bbox 300 3489 367 3548; x_wconf 93' lang='lat' dir='ltr'><strong>hist.</strong></span> <span class='ocrx_word' id='word_1_329' title='bbox 382 3488 437 3548; x_wconf 92' lang='lat' dir='ltr'><strong>III.</strong></span> <span class='ocrx_word' id='word_1_330' title='bbox 451 3491 489 3548; x_wconf 92' lang='lat'><strong>61</strong></span> <span class='ocrx_word' id='word_1_331' title='bbox 509 3489 576 3566; x_wconf 84' lang='grc'><strong>(82),</strong></span> <span class='ocrx_word' id='word_1_332' title='bbox 597 3490 645 3548; x_wconf 90' lang='lat'><strong>15.</strong></span> <span class='ocrx_word' id='word_1_333' title='bbox 680 3489 746 3548; x_wconf 92' lang='lat' dir='ltr'><strong>Uno</strong></span> <span class='ocrx_word' id='word_1_334' title='bbox 765 3488 829 3547; x_wconf 94' lang='lat' dir='ltr'><strong>loco</strong></span> <span class='ocrx_word' id='word_1_335' title='bbox 849 3487 950 3546; x_wconf 78' lang='lat' dir='ltr'><strong>Cicero</strong></span> <span class='ocrx_word' id='word_1_336' title='bbox 970 3488 1071 3545; x_wconf 89' lang='lat' dir='ltr'><strong>eodem</strong></span> <span class='ocrx_word' id='word_1_337' title='bbox 1090 3503 1176 3544; x_wconf 90' lang='lat' dir='ltr'><strong>sensu</strong></span> <span class='ocrx_word' id='word_1_338' title='bbox 1194 3485 1278 3557; x_wconf 93' lang='lat' dir='ltr'><strong>ponit</strong></span> 
     </span>
     <span class='ocr_line' id='line_1_35' title="bbox 106 3570 1277 3646; baseline -0.003 -15"><span class='ocrx_word' id='word_1_339' title='bbox 106 3574 284 3632; x_wconf 86' lang='lat' dir='ltr'><strong>‘consultrix&#39;</strong></span> <span class='ocrx_word' id='word_1_340' title='bbox 306 3609 345 3618; x_wconf 96' lang='lat'>—</span> <span class='ocrx_word' id='word_1_341' title='bbox 370 3577 406 3634; x_wconf 90' lang='lat' dir='ltr'><strong>de</strong></span> <span class='ocrx_word' id='word_1_342' title='bbox 428 3581 487 3634; x_wconf 87' lang='lat' dir='ltr'><strong>nat.</strong></span> <span class='ocrx_word' id='word_1_343' title='bbox 510 3577 581 3634; x_wconf 87' lang='lat' dir='ltr'><strong>deor</strong></span> <span class='ocrx_word' id='word_1_344' title='bbox 604 3577 631 3646; x_wconf 88' lang='grc'><strong>2,</strong></span> <span class='ocrx_word' id='word_1_345' title='bbox 650 3576 690 3634; x_wconf 89' lang='lat'><strong>58</strong></span> <span class='ocrx_word' id='word_1_346' title='bbox 713 3579 819 3632; x_wconf 88' lang='lat' dir='ltr'><strong>natura</strong></span> <span class='ocrx_word' id='word_1_347' title='bbox 840 3572 1001 3632; x_wconf 87' lang='lat' dir='ltr'><strong>consultrix</strong></span> <span class='ocrx_word' id='word_1_348' title='bbox 1023 3577 1053 3629; x_wconf 89' lang='lat' dir='ltr'><strong>et</strong></span> <span class='ocrx_word' id='word_1_349' title='bbox 1074 3570 1198 3643; x_wconf 89' lang='lat' dir='ltr'><strong>provida</strong></span> <span class='ocrx_word' id='word_1_350' title='bbox 1219 3571 1277 3629; x_wconf 89' lang='lat' dir='ltr'><strong>uti-</strong></span> 
     </span>
     <span class='ocr_line' id='line_1_36' title="bbox 105 3659 329 3718; baseline -0.009 0"><span class='ocrx_word' id='word_1_351' title='bbox 105 3659 228 3718; x_wconf 90' lang='lat' dir='ltr'><strong>litatum.</strong></span> <span class='ocrx_word' id='word_1_352' title='bbox 250 3693 290 3702; x_wconf 94' lang='lat'><em>-</em></span> <span class='ocrx_word' id='word_1_353' title='bbox 327 3693 329 3698; x_wconf 83' lang='lat'><strong>.</strong></span> 
     </span>
     <span class='ocr_line' id='line_1_37' title="bbox 191 3742 1278 3820; baseline -0.006 -15"><span class='ocrx_word' id='word_1_354' title='bbox 191 3746 418 3818; x_wconf 86' lang='lat' dir='ltr'><strong>Substantivum,</strong></span> <span class='ocrx_word' id='word_1_355' title='bbox 441 3747 580 3820; x_wconf 80' lang='lat' dir='ltr'><strong>‘egestas’,</strong></span> <span class='ocrx_word' id='word_1_356' title='bbox 600 3747 677 3818; x_wconf 88' lang='lat' dir='ltr'><strong>quod</strong></span> <span class='ocrx_word' id='word_1_357' title='bbox 699 3746 786 3816; x_wconf 85' lang='lat' dir='ltr'><strong>vulgo</strong></span> <span class='ocrx_word' id='word_1_358' title='bbox 809 3761 867 3803; x_wconf 91' lang='lat' dir='ltr'><strong>non</strong></span> <span class='ocrx_word' id='word_1_359' title='bbox 884 3746 1043 3816; x_wconf 89' lang='lat' dir='ltr'><strong>usurpatur</strong></span> <span class='ocrx_word' id='word_1_360' title='bbox 1061 3742 1118 3801; x_wconf 87' lang='lat' dir='ltr'><strong>nisi</strong></span> <span class='ocrx_word' id='word_1_361' title='bbox 1136 3743 1278 3813; x_wconf 87' lang='lat' dir='ltr'><strong>absolute,</strong></span> 
     </span>
     <span class='ocr_line' id='line_1_38' title="bbox 108 3828 1277 3906; baseline -0.005 -16"><span class='ocrx_word' id='word_1_362' title='bbox 108 3831 261 3892; x_wconf 85' lang='lat' dir='ltr'><strong>Sallustius</strong></span> <span class='ocrx_word' id='word_1_363' title='bbox 288 3837 318 3891; x_wconf 87' lang='lat' dir='ltr'><strong>et</strong></span> <span class='ocrx_word' id='word_1_364' title='bbox 344 3833 464 3892; x_wconf 88' lang='lat' dir='ltr'><strong>Tacitus</strong></span> <span class='ocrx_word' id='word_1_365' title='bbox 491 3833 606 3906; x_wconf 87' lang='lat' dir='ltr'><strong>saepius</strong></span> <span class='ocrx_word' id='word_1_366' title='bbox 633 3848 698 3889; x_wconf 94' lang='lat' dir='ltr'><strong>cum</strong></span> <span class='ocrx_word' id='word_1_367' title='bbox 725 3832 858 3903; x_wconf 89' lang='lat' dir='ltr'><strong>genetivo</strong></span> <span class='ocrx_word' id='word_1_368' title='bbox 887 3829 1045 3899; x_wconf 76' lang='lat' dir='ltr'><strong>obiectim,</strong></span> <span class='ocrx_word' id='word_1_369' title='bbox 1076 3828 1126 3899; x_wconf 91' lang='lat' dir='ltr'><strong>qni</strong></span> <span class='ocrx_word' id='word_1_370' title='bbox 1147 3833 1277 3898; x_wconf 89' lang='lat' dir='ltr'><strong>vocatur,</strong></span> 
     </span>
     <span class='ocr_line' id='line_1_39' title="bbox 108 3913 1278 3990; baseline -0.004 -15"><span class='ocrx_word' id='word_1_371' title='bbox 108 3917 287 3989; x_wconf 86' lang='lat' dir='ltr'><strong>coniungunt</strong></span> <span class='ocrx_word' id='word_1_372' title='bbox 308 3919 351 3976; x_wconf 91' lang='lat' dir='ltr'><strong>ita</strong></span> <span class='ocrx_word' id='word_1_373' title='bbox 372 3923 405 3976; x_wconf 91' lang='lat' dir='ltr'><strong>ut</strong></span> <span class='ocrx_word' id='word_1_374' title='bbox 426 3919 456 3976; x_wconf 92' lang='lat' dir='ltr'><strong>in</strong></span> <span class='ocrx_word' id='word_1_375' title='bbox 480 3919 626 3977; x_wconf 89' lang='lat' dir='ltr'><strong>notionem</strong></span> <span class='ocrx_word' id='word_1_376' title='bbox 648 3917 731 3976; x_wconf 90' lang='lat' dir='ltr'><strong>verbi</strong></span> <span class='ocrx_word' id='word_1_377' title='bbox 753 3917 862 3990; x_wconf 90' lang='lat' dir='ltr'><strong>‘inopia</strong></span> <span class='ocrx_word' id='word_1_378' title='bbox 887 3915 1009 3976; x_wconf 89' lang='lat' dir='ltr'><strong>alieuius</strong></span> <span class='ocrx_word' id='word_1_379' title='bbox 1031 3913 1084 3972; x_wconf 85' lang='lat' dir='ltr'><strong>rei’</strong></span> <span class='ocrx_word' id='word_1_380' title='bbox 1106 3915 1204 3983; x_wconf 89' lang='lat' dir='ltr'><strong>abeat;</strong></span> <span class='ocrx_word' id='word_1_381' title='bbox 1228 3913 1278 3984; x_wconf 92' lang='lat' dir='ltr'><strong>qui</strong></span> 
     </span>
     <span class='ocr_line' id='line_1_40' title="bbox 7 3998 1277 4084; baseline -0.003 -22"><span class='ocrx_word' id='word_1_382' title='bbox 7 4079 8 4084; x_wconf 8' lang='grc' dir='ltr'>η</span> <span class='ocrx_word' id='word_1_383' title='bbox 108 4003 189 4062; x_wconf 91' lang='lat' dir='ltr'><strong>verbi</strong></span> <span class='ocrx_word' id='word_1_384' title='bbox 210 4021 279 4064; x_wconf 91' lang='lat' dir='ltr'><strong>usus</strong></span> <span class='ocrx_word' id='word_1_385' title='bbox 301 4005 448 4078; x_wconf 90' lang='lat' dir='ltr'><strong>reperitur</strong></span> <span class='ocrx_word' id='word_1_386' title='bbox 461 4005 593 4082; x_wconf 91' lang='lat' dir='ltr'><strong>primum</strong></span> <span class='ocrx_word' id='word_1_387' title='bbox 616 4004 693 4077; x_wconf 87' lang='lat' dir='ltr'><strong>apud</strong></span> <span class='ocrx_word' id='word_1_388' title='bbox 711 4002 878 4060; x_wconf 88' lang='lat' dir='ltr'><strong>Lucretium</strong></span> <span class='ocrx_word' id='word_1_389' title='bbox 901 4003 1029 4072; x_wconf 86' lang='grc'><strong>5,1211</strong></span> <span class='ocrx_word' id='word_1_390' title='bbox 1054 4004 1168 4072; x_wconf 88' lang='lat' dir='ltr'><strong>egestas</strong></span> <span class='ocrx_word' id='word_1_391' title='bbox 1185 3998 1277 4058; x_wconf 90' lang='lat' dir='ltr'><strong>ratio·</strong></span> 
     </span>
     <span class='ocr_line' id='line_1_41' title="bbox 108 4085 1363 4164; baseline -0.004 -18"><span class='ocrx_word' id='word_1_392' title='bbox 108 4089 153 4148; x_wconf 90' lang='lat' dir='ltr'><strong>nis</strong></span> <span class='ocrx_word' id='word_1_393' title='bbox 175 4121 214 4132; x_wconf 88' lang='lat'><strong>-—</strong></span> <span class='ocrx_word' id='word_1_394' title='bbox 238 4090 344 4149; x_wconf 88' lang='lat' dir='ltr'><strong>deinde</strong></span> <span class='ocrx_word' id='word_1_395' title='bbox 365 4092 442 4164; x_wconf 87' lang='lat' dir='ltr'><strong>apud</strong></span> <span class='ocrx_word' id='word_1_396' title='bbox 465 4089 532 4148; x_wconf 95' lang='lat' dir='ltr'><strong>Sall.</strong></span> <span class='ocrx_word' id='word_1_397' title='bbox 555 4089 617 4148; x_wconf 86' lang='grc'><strong>001.</strong></span> <span class='ocrx_word' id='word_1_398' title='bbox 640 4090 689 4160; x_wconf 87' lang='lat'><strong>58,</strong></span> <span class='ocrx_word' id='word_1_399' title='bbox 712 4091 730 4148; x_wconf 93' lang='grc'><strong>6</strong></span> <span class='ocrx_word' id='word_1_400' title='bbox 758 4085 896 4146; x_wconf 89' lang='lat' dir='ltr'><strong>frumenti</strong></span> <span class='ocrx_word' id='word_1_401' title='bbox 919 4092 1006 4158; x_wconf 92' lang='lat' dir='ltr'><strong>atque</strong></span> <span class='ocrx_word' id='word_1_402' title='bbox 1027 4087 1150 4146; x_wconf 89' lang='lat' dir='ltr'><strong>aliarum</strong></span> <span class='ocrx_word' id='word_1_403' title='bbox 1172 4102 1278 4143; x_wconf 91' lang='lat' dir='ltr'><strong>rerum.</strong></span> <span class='ocrx_word' id='word_1_404' title='bbox 1361 4125 1363 4130; x_wconf 86' lang='lat'>-</span> 
     </span>
     <span class='ocr_line' id='line_1_42' title="bbox 7 4169 1276 4250; baseline -0.002 -19"><span class='ocrx_word' id='word_1_405' title='bbox 7 4169 8 4208; x_wconf 63' lang='lat' dir='ltr'><strong>l</strong></span> <span class='ocrx_word' id='word_1_406' title='bbox 109 4173 151 4245; x_wconf 92' lang='lat' dir='ltr'><strong>Ig.</strong></span> <span class='ocrx_word' id='word_1_407' title='bbox 173 4176 222 4246; x_wconf 88' lang='lat'><strong>44,</strong></span> <span class='ocrx_word' id='word_1_408' title='bbox 245 4177 265 4233; x_wconf 88' lang='lat'>4</span> <span class='ocrx_word' id='word_1_409' title='bbox 287 4176 394 4250; x_wconf 90' lang='lat' dir='ltr'><strong>pabuli.</strong></span> <span class='ocrx_word' id='word_1_410' title='bbox 430 4176 498 4234; x_wconf 90' lang='lat' dir='ltr'><strong>Tac.</strong></span> <span class='ocrx_word' id='word_1_411' title='bbox 520 4175 588 4234; x_wconf 89' lang='lat' dir='ltr'><strong>hist.</strong></span> <span class='ocrx_word' id='word_1_412' title='bbox 605 4173 660 4245; x_wconf 88' lang='lat' dir='ltr'><strong>HI,</strong></span> <span class='ocrx_word' id='word_1_413' title='bbox 679 4175 698 4232; x_wconf 95' lang='lat'>8</span> <span class='ocrx_word' id='word_1_414' title='bbox 717 4172 861 4232; x_wconf 88' lang='lat' dir='ltr'><strong>frumenti.</strong></span> <span class='ocrx_word' id='word_1_415' title='bbox 893 4172 943 4244; x_wconf 89' lang='lat' dir='ltr'><strong>IV,</strong></span> <span class='ocrx_word' id='word_1_416' title='bbox 962 4174 1001 4231; x_wconf 97' lang='lat'><strong>35</strong></span> <span class='ocrx_word' id='word_1_417' title='bbox 1021 4173 1179 4245; x_wconf 88' lang='lat' dir='ltr'><strong>copiarum.</strong></span> <span class='ocrx_word' id='word_1_418' title='bbox 1210 4188 1276 4229; x_wconf 88' lang='lat' dir='ltr'><strong>ann.</strong></span> 
     </span>
    </p>
   </div>
   <div class='ocr_carea' id='block_1_5' title="bbox 7 4217 9 4346">
    <p class='ocr_par' dir='ltr' id='par_1_5' title="bbox 7 4217 9 4346">
     <span class='ocr_line' id='line_1_43' title="bbox 7 4217 9 4346; baseline 0 0"><span class='ocrx_word' id='word_1_419' title='bbox 7 4217 9 4346; x_wconf 85' lang='lat' dir='ltr'><strong>l</strong></span> 
     </span>
    </p>
   </div>
   <div class='ocr_carea' id='block_1_6' title="bbox 177 4363 899 4510">
    <p class='ocr_par' dir='ltr' id='par_1_6' title="bbox 177 4363 899 4510">
     <span class='ocr_line' id='line_1_44' title="bbox 179 4363 809 4441; baseline -0.003 -15"><span class='ocrx_word' id='word_1_420' title='bbox 179 4377 198 4438; x_wconf 86' lang='lat'><strong>¹)</strong></span> <span class='ocrx_word' id='word_1_421' title='bbox 214 4377 389 4428; x_wconf 88' lang='lat' dir='ltr'><strong>Wiedemaun.</strong></span> <span class='ocrx_word' id='word_1_422' title='bbox 425 4376 512 4428; x_wconf 90' lang='lat' dir='ltr'><strong>Philol.</strong></span> <span class='ocrx_word' id='word_1_423' title='bbox 531 4363 668 4441; x_wconf 67' lang='grc'><strong>11111110.</strong></span> <span class='ocrx_word' id='word_1_424' title='bbox 687 4375 738 4428; x_wconf 80' lang='lat'><strong>757</strong></span> <span class='ocrx_word' id='word_1_425' title='bbox 756 4391 809 4439; x_wconf 83' lang='lat' dir='ltr'><strong>sqq.</strong></span> 
     </span>
     <span class='ocr_line' id='line_1_45' title="bbox 177 4445 899 4510; baseline 0.001 -14"><span class='ocrx_word' id='word_1_426' title='bbox 177 4445 198 4510; x_wconf 72' lang='lat'><strong>²)</strong></span> <span class='ocrx_word' id='word_1_427' title='bbox 215 4447 288 4496; x_wconf 88' lang='lat' dir='ltr'><strong>Ribb.</strong></span> <span class='ocrx_word' id='word_1_428' title='bbox 307 4462 388 4496; x_wconf 88' lang='lat' dir='ltr'><strong>scaen.</strong></span> <span class='ocrx_word' id='word_1_429' title='bbox 407 4449 475 4510; x_wconf 72' lang='lat' dir='ltr'><strong>potis.</strong></span> <span class='ocrx_word' id='word_1_430' title='bbox 494 4447 523 4496; x_wconf 85' lang='lat' dir='ltr'><strong>lr.</strong></span> <span class='ocrx_word' id='word_1_431' title='bbox 542 4446 572 4496; x_wconf 92' lang='lat' dir='ltr'><strong>ll.</strong></span> <span class='ocrx_word' id='word_1_432' title='bbox 591 4461 648 4510; x_wconf 84' lang='lat' dir='ltr'><strong>app.</strong></span> <span class='ocrx_word' id='word_1_433' title='bbox 667 4453 729 4495; x_wconf 84' lang='lat' dir='ltr'><strong>sent.</strong></span> <span class='ocrx_word' id='word_1_434' title='bbox 748 4461 771 4495; x_wconf 88' lang='grc' dir='ltr'><strong>ν.</strong></span> <span class='ocrx_word' id='word_1_435' title='bbox 792 4445 847 4498; x_wconf 84' lang='grc'><strong>179.</strong></span> <span class='ocrx_word' id='word_1_436' title='bbox 867 4471 899 4482; x_wconf 85' lang='lat'>-</span> 
     </span>
    </p>
   </div>
   <div class='ocr_carea' id='block_1_7' title="bbox 0 0 1560 5096">
    <p class='ocr_par' dir='ltr' id='par_1_7' title="bbox 0 0 1560 5096">
     <span class='ocr_line' id='line_1_46' title="bbox 0 0 1560 5096; baseline 0 0"><span class='ocrx_word' id='word_1_437' title='bbox 0 0 1560 5096; x_wconf 95' lang='lat' dir='ltr'><strong> </strong></span> 
     </span>
    </p>
   </div>
  </div>
 </body>
</html>
