3086 5096
761 375 970 440 ..35-

277 551 379 611 Silium
401 549 538 608 Italicum
561 549 702 608 latissime
720 553 810 622 patet.
846 547 1028 619 Quamquam
1045 547 1136 620 131155
1154 546 1297 621 Tacitum,
1321 551 1373 622 qui
1390 552 1468 610 huic

275 637 343 696 usui
365 653 401 694 ex
422 634 570 708 pedestris
593 634 735 694 sermonis
758 632 954 706 scriptoribus
976 633 1063 704 15535
1084 632 1210 692 maxime
1232 635 1359 707 studuit,
1382 636 1468 694 hanc

275 721 392 783 dicendi
419 719 660 779 consuetudinem
685 719 781 794 ipsam
803 720 959 778 adamasse
981 719 1149 792 putabimus
1171 736 1230 778 non
1252 722 1284 779 in
1306 721 1468 792 Sallustio,

274 808 326 866 sed
356 807 387 866 in
414 823 484 866 suae
512 804 619 864 aetatis
646 805 755 878 poetis,
787 809 884 862 155555
911 803 980 877 quia
1006 804 1215 864 adiectivorum
1244 807 1405 866 multorum
1429 808 1467 866 in

274 891 429 954 structuris
455 891 653 960 consentiunt,
679 907 698 949 a
725 890 897 962 quaestione
922 894 1025 948 nostra
1051 907 1109 950 non
1136 889 1263 949 alienum
1286 909 1353 952 esse
1374 898 1466 951 ratus

274 995 351 1047 sum,
380 978 412 1036 in
438 976 671 1051 similitudinem,
698 992 773 1048 quae
799 975 876 1034 inter
902 974 1056 1046 utriusque
1077 993 1169 1048 genus
1192 975 1308 1036 dicendi
1330 977 1466 1038 interce-

275 1065 365 1134 deret,
388 1062 538 1134 inquirere
560 1061 691 1120 breviter
713 1061 845 1119 dicturus
868 1061 904 1120 de
926 1060 1078 1120 adiectivis
1101 1079 1168 1120 vere
1190 1062 1331 1134 relativis,
1355 1066 1468 1138 copio-

274 1149 335 1208 sius
359 1150 395 1207 de
416 1146 608 1207 insolentiore
630 1147 680 1205 illo
703 1146 831 1218 genetivi
853 1163 916 1204 usu.
939 1179 979 1190 -

360 1240 393 1303 5)
414 1233 536 1292 Veteres
560 1231 787 1304 Sallustinmque
810 1236 927 1290 secutus
945 1231 1065 1291 Tacitus
1088 1250 1153 1291 cum
1175 1232 1312 1304 genetivo
1337 1236 1469 1293 coniun-

273 1321 317 1392 git
345 1317 571 1393 nautaticum
597 1316 787 1378 ‘manifestus’
815 1335 902 1376 sensu
929 1317 1062 1390 proprio:
1093 1318 1188 1376 Plaut
1214 1322 1289 1377 truc
1317 1318 1342 1389 I,
1366 1322 1395 1390 2,
1419 1322 1468 1380 30

277 1405 430 1463 mendacii.
474 1402 619 1475 Amphitr.
645 1403 681 1464 fr.
708 1403 762 1462 IX.
790 1402 851 1464 GL.
878 1402 946 1460 Sall.
973 1402 1036 1462 Cat.
1062 1404 1117 1475 52,
1144 1405 1183 1464 36
1215 1421 1313 1462 rerum
1342 1405 1466 1478 capita·

275 1491 355 1548 lium.
391 1489 434 1561 13.
458 1490 508 1560 35,
531 1490 550 1547 3
574 1488 701 1547 sceleris.
738 1488 807 1546 155.
829 1505 896 1547 555.
918 1487 958 1560 Π,
980 1490 1020 1548 85
1046 1489 1153 1548 delicti.
1184 1489 1270 1560 XIII,
1293 1492 1333 1550 26
1359 1492 1466 1550 orimi-

274 1576 329 1634 nis.
359 1574 428 1646 XV,
451 1577 494 1635 60
520 1572 741 1632 coniurationis.
769 1603 809 1616 -
839 1573 931 1633 Sensu
958 1575 1102 1633 translato
1129 1573 1213 1634 0515.
1239 1574 1366 1648 155111,
1396 1579 1464 1636 313

275 1660 386 1722 doloris
409 1692 448 1702 -
473 1657 593 1717 51155.
616 1675 682 1716 aun.
704 1658 755 1729 IV,
773 1661 814 1719 53
834 1658 1001 1717 offensionis
1019 1665 1071 1718 aut
1088 1665 1191 1719 metue.
1221 1659 1291 1732 XII,
1308 1662 1347 1720 51
1369 1664 1466 1722 vitae.

277 1745 361 1817 XIII,
384 1747 424 1804 23
448 1744 596 1803 vanitatis
632 1743 696 1817 XV,
718 1746 759 1803 54
782 1759 905 1815 magnae
927 1744 1124 1816 cogitationis.
1151 1762 1175 1803 5.
1198 1747 1239 1806 66
1262 1747 1393 1818 pavoris.
1419 1783 1464 1792 -

350 1830 392 1907 Ι2)
414 1830 552 1903 ‘cupiens’
573 1829 669 1888 Plaut.
692 1831 750 1888 mil.
775 1830 855 1890 1049
879 1833 909 1888 51
931 1846 1025 1902 saepe.
1048 1829 1109 1904 (515.
1131 1829 1213 1890 Brix.
1236 1833 1274 1890 55
1297 1837 1374 1904 capt
1401 1836 1466 1909 98).

273 1917 350 1976 1155.
374 1933 441 1974 555.
464 1934 491 1973 5.
513 1917 556 1975 80
577 1915 668 1987 regni.
709 1915 777 1974 Sall.
800 1915 867 1974 hist.
890 1913 926 1972 fr.
948 1915 1003 1973 inc.
1027 1917 1066 1974 32
1084 1916 1129 1989 (V.
1148 1908 1198 1990 15)
1220 1916 1466 1988 cupientissimus

275 2002 358 2074 15315.
384 2002 453 2060 Tac.
472 2018 538 2059 ann.
562 2000 586 2072 Ι,
606 2001 655 2060 75.
687 2001 735 2072 Vl,
754 2003 803 2062 46.
829 1999 908 2071 XIV,
927 2002 975 2059 14.
1004 2001 1066 2073 XV,
1084 2002 1135 2072 46,
1155 2005 1203 2061 72.
1229 2002 1308 2074 XVI,
1328 2007 1357 2065 6.
1385 2005 1466 2064 Aur.

274 2087 350 2146 Vict.
373 2086 455 2146 Caes.
479 2087 529 2157 24,
552 2088 581 2146 9.
612 2088 662 2157 33,
686 2088 726 2144 14
748 2086 872 2159 imperii.
895 2119 937 2130 -

360 2173 407 2233 Ad
429 2173 592 2245 exemplum
614 2172 826 2232 adiectivorum
849 2173 964 2245 plenus,
989 2171 1088 2243 inops,
1115 2172 1211 2231 inanis
1234 2189 1300 2232 cum
1322 2177 1467 2245 genetivo

276 2261 456 2332 coniungunt
474 2258 563 2316 etiam
582 2257 728 2317 adiectiva
746 2259 872 2316 ‘vacuus'
890 2257 958 2316 Sall.
977 2256 1019 2328 13.
1035 2258 1125 2329 90,1.
1153 2257 1380 2331 1555551111,
1397 2263 1419 2321 8
1437 2269 1470 2320 51
1538 2287 1539 2324 r

182 2397 191 2408 .
275 2345 399 2404 ‘fertilis'
417 2343 577 2403 ‘fecundus'
596 2343 664 2402 Sall.
684 2342 726 2415 13.
742 2346 790 2414 17,
805 2345 833 2402 5.
851 2342 919 2400 155.
934 2343 1030 2401 Germ.
1040 2343 1069 2400 5.
1082 2342 1184 2418 histl,
1196 2345 1245 2402 11.
1267 2363 1334 2403 ann.
1349 2345 1402 2418 IV,
1414 2350 1468 2408 65.

364 2429 477 2489 Deinde
499 2429 557 2486 hnc
579 2431 693 2501 spectat
714 2428 834 2489 ‘melior’
856 2429 895 2486 55
917 2428 1078 2499 exemplum
1097 2427 1308 2489 adiectivorum
1332 2433 1468 2503 ‘gnarus’

275 2517 405 2590 ‘peritus‘
426 2515 541 2574 ‘sciens’
563 2529 628 2572 cum
649 2513 784 2585 genetivo
807 2509 1005 2573 coniunctum:
1033 2513 1102 2571 Sall.
1126 2513 1169 2585 13.
1192 2516 1246 2586 49,
1269 2517 1287 2574 2
1311 2534 1349 2574 55
1370 2520 1468 2578 rudes

276 2619 342 2660 cum
369 2601 439 2660 belli
461 2599 631 2659 melioribus
653 2607 770 2657 manum
793 2603 979 2658 consererent
1002 2632 1040 2640 -
1064 2599 1095 2657 id
1117 2603 1163 2658 est
1185 2617 1250 2658 cnm
1272 2602 1343 2661 belli
1366 2603 1469 2663 scien·
1537 2615 1538 2658 ς

274 2686 410 2758 tioribus,
433 2687 503 2758 quia
525 2685 595 2744 belli
617 2685 740 2744 rudibus
760 2690 947 2757 opponuntur
964 2683 1035 2743 belli
1052 2685 1187 2743 meliores
1231 2687 1385 2745 155555.
1406 2689 1468 2762 ΙΠ,

277 2773 317 2832 74
344 2771 463 2831 1555551
491 2770 602 2829 melior.
638 2770 687 2830 Sil.
711 2773 739 2841 5,
762 2772 833 2830 333.
869 2773 896 2841 7,
920 2771 990 2828 619.
1026 2769 1082 2828 Sed
1105 2770 1192 2828 ‘belli’
1214 2775 1243 2828 51
1264 2769 1409 2832 ‘militiae’
1434 2776 1467 2834 in

277 2857 477 2916 locutionibus
501 2856 636 2928 53553155
659 2855 781 2914 militiae
803 2855 957 2914 85111151,
979 2854 1002 2912 1.
1026 2856 1086 2914 106
1105 2854 1193 2932 (112),
1216 2864 1370 2930 promptus
1389 2859 1466 2919 belli

275 2943 344 3002 hist.
372 2942 413 3001 Π.
441 2943 481 3000 13
503 2942 577 3018 (18),
608 2959 677 3000 5555
703 2941 826 3000 militiae
851 2940 919 2998 155.
946 2939 1013 2998 hist.
1040 2939 1081 3010 11,
1108 2941 1141 3012 5,
1172 2945 1308 3000 51555555
1336 2944 1468 3005 militiae
1536 3007 1537 3020 ,

275 3029 343 3087 hist.
370 3027 429 3099 III,
452 3028 502 3098 43,
530 3027 674 3099 inglorius
699 3026 823 3084 'militiae
848 3026 917 3084 hist.
939 3025 993 3096 III,
1020 3026 1074 3096 59,
1100 3025 1225 3097 impiger
1246 3027 1371 3087 militiae
1394 3049 1468 3091 ann.

276 3113 330 3184 ΙΠ,
352 3114 402 3185 48,
434 3117 570 3186 expertus
593 3113 662 3171 belli
684 3111 815 3183 15151111,
839 3113 879 3170 76
906 3110 1049 3169 155511555
1073 3110 1213 3170 ducimus.
1318 3157 1320 3164 .

365 3199 519 3257 Postremo
527 3195 549 3271 ¹)
571 3198 690 3257 confero
713 3196 781 3256 Sall.
804 3196 871 3255 hist
889 3195 944 3254 III.
963 3198 1001 3255 81
1022 3195 1082 3270 (99)
1105 3195 1210 3254 dubius
1234 3198 1357 3257 consilii.
1392 3202 1468 3262 155.

276 3284 344 3342 hist.
371 3283 415 3356 11,
438 3285 488 3343 83.
524 3282 578 3356 IV,
602 3286 640 3342 21
669 3283 824 3354 55513555
850 3281 975 3340 55551111.
1010 3281 1086 3340 5555
1112 3281 1180 3340 hist.
1205 3283 1265 3355 III,
1288 3285 1328 3344 43
1356 3285 1468 3346 futuri.
1535 3351 1536 3354 ,

278 3369 394 3442 5551,
418 3373 435 3429 7
459 3368 633 3442 imperandi.
667 3368 711 3440 Π,
734 3369 776 3427 40
798 3367 921 3440 pudoris
949 3371 979 3425 et
1005 3372 1108 3426 metus.
1148 3367 1216 3429 Tac.
1244 3369 1395 3448 15151111,
1422 3375 1466 3436 56

347 3591 368 3649 1)
385 3590 413 3639 15
437 3591 468 3639 115
491 3589 635 3652 5515511515,
660 3588 751 3650 quibus
769 3588 871 3636 Tacitus
895 3587 1038 3650 genetivum
1057 3585 1194 3649 addiderit,
1218 3588 1360 3650 Draegerus
1377 3591 1458 3654 (Syut

278 3659 330 3708 und
349 3655 395 3708 Stil
420 3659 465 3708 des
488 3659 547 3710 155.
570 3654 586 3724 S
605 3657 636 3708 71
647 3656 806 3718 5355555551
830 3656 904 3704 etiam
927 3653 1044 3704 ι5551555
1072 3669 1128 3704 555.
1147 3652 1165 3718 1,
1183 3655 1216 3705 31
1239 3656 1357 3705 155515155
1381 3669 1467 3710 55515.

277 3726 350 3791 11111,
369 3726 401 3776 42
424 3728 541 3776 iuvenum
563 3723 701 3789 imperitiae
724 3732 830 3774 suetum.
862 3722 924 3789 XV,
942 3723 974 3774 31
999 3730 1115 3772 externae
1137 3724 1269 3786 superbiae
1291 3733 1371 3775 sueto.
1409 3725 1467 3779 Sed

279 3811 336 3844 cum
356 3791 460 3844 ‘suctus‘
479 3796 580 3858 saepius
599 3809 656 3842 cum
670 3792 763 3857 551155,
781 3807 905 3854 nusquam
923 3800 1006 3840 autem
1021 3806 1078 3840 cnm
1092 3791 1209 3853 35551155
1223 3793 1396 3858 55515535155,
1418 3813 1467 3846 cur

278 3863 420 3926 Draegerus
445 3862 486 3912 his
509 3863 571 3913 locis
595 3861 707 3911 dativum
730 3862 806 3910 statui
828 3861 946 3924 noluerit,
974 3858 1090 3922 equidem
1112 3873 1160 3908 non
1180 3860 1306 3922 intellego.
1343 3859 1466 3914 Ceterrun

278 3930 413 3981 8511551155
433 3939 456 3980 51
474 3930 576 3982 Tacitus
594 3932 619 3980 in
637 3930 754 3980 551551151
773 3926 877 3977 ‘suetus’
895 3944 943 3978 usu
962 3929 1072 3977 crebrius
1091 3928 1252 3977 conveniunt:
1272 3929 1330 3980 8511,
1350 3929 1409 3980 hist.
1431 3933 1465 3987 11,
1533 3979 1534 3982 ,

278 3989 1534 4064 fflfflfflwfflmmmmmwmmmstwfflfflmmwri

279 4081 372 4130 vagum
396 4076 421 4117 et
443 4068 536 4130 rapinis
559 4075 658 4116 suetum
676 4067 758 4129 magis
777 4079 851 4128 quem
870 4065 924 4128 5351
943 4065 1058 4114 cultibus.
1078 4091 1110 4100 -
1128 4063 1187 4113 155.
1207 4078 1263 4114 555.
1282 4064 1312 4134 11,
1327 4063 1360 4115 52
1379 4081 1463 4130 55355
1533 4065 1534 4109 1

278 4137 387 4201 primum
410 4135 698 4185 5115155515115555155.
735 4136 866 4184 Praeterea
883 4130 986 4182 ‘suetus'
1006 4147 1061 4182 cum
1080 4132 1130 4182 dat.
1148 4132 1229 4195 iungit
1247 4131 1298 4182 hist
1321 4132 1339 4197 1,
1357 4134 1399 4186 68.
1429 4139 1464 4202 V,

279 4199 1463 4268 6MmfflffimffifflVN-Qmemfflwmmmmmm

280 4275 339 4326 Sall.
357 4271 545 4336 ricaredo)
561 4273 594 4321 At
612 4272 738 4322 discordia
757 4279 781 4319 et
800 4279 880 4319 cetera
898 4270 1016 4319 secundis
1034 4270 1109 4318 rebus
1123 4269 1179 4316 oriri
1195 4278 1266 4318 55515
1281 4270 1354 4320 mala.
1382 4271 1462 4335 Apud
1532 4281 1533 4326 1

279 4343 337 4391 Tac.
357 4341 417 4403 Agr.
437 4339 469 4390 12
486 4347 584 4404 praeter
601 4341 681 4389 oleam
699 4341 826 4405 vitemque
844 4347 868 4388 et
887 4347 968 4388 551555
986 4337 1145 4388 calidioribus
1163 4338 1236 4386 terris
1254 4337 1311 4388 oriri
1330 4344 1410 4392 sueta.
1424 4368 1460 4380 -

280 4424 337 4459 555.
356 4408 399 4475 lV,
418 4409 459 4460 67.
482 4408 526 4475 VI,
544 4407 586 4461 35.
608 4405 665 4458 XV.
683 4408 730 4464 36.
