3086 5096
762 373 950 436 ..g-

302 543 309 590 3
353 545 386 615 b)
403 561 486 606 000
507 547 540 606 00
563 547 723 606 mentum
731 542 760 620 ¹).
783 577 820 588 -
843 542 1009 604 rid-Tamti
1032 545 1130 604 studia
1153 550 1283 604 veterum
1298 545 1447 604 Sallustii-

273 647 329 704 que
354 631 470 692 videtur
496 647 561 690 esse
587 632 767 690 revocandus
789 631 966 692 substantivi
988 632 1229 702 ‘cognomentum'
1250 649 1334 708 usus,
1365 633 1448 703 quod

273 721 369 776 exstat
387 719 464 789 apud
481 717 575 775 Plaut.
592 716 672 775 Pers.
689 735 714 776 v.
734 718 782 778 60.
800 717 858 776 mil.
877 719 915 790 gl.
933 735 959 777 v.
979 718 1069 777 1038.
1089 751 1127 761 -
1145 717 1250 776 Pseud.
1267 734 1295 777 v.
1313 719 1383 777 976.
1401 750 1446 760 —

272 804 352 876 apud
373 808 450 876 poet.
472 819 519 874 ap.
542 802 600 861 010.
624 804 660 864 de
681 801 729 861 110.
752 803 789 875 ΙΙ,
812 806 840 875 2,
864 805 913 862 15.
935 835 975 848 -
1000 804 1078 876 apud
1101 803 1169 862 Sall.
1191 801 1259 862 hist.
1281 802 1318 861 ir.
1339 803 1379 860 H.
1402 805 1448 862 40

271 886 360 967 (49)9)
383 922 421 934 -
446 888 494 947 IV.
517 889 556 948 35
579 885 647 965 (50).
666 922 704 932 -
724 890 802 961 apud
824 888 957 948 Tacitum
980 889 1047 947 hist.
1069 888 1107 962 Π,
1130 890 1170 949 43
1193 893 1223 947 00
1244 888 1448 960 0010000000,

274 977 409 1048 quodque
430 975 593 1047 posteriore
614 979 745 1046 tempore
765 971 918 1051 (Ammian.
935 975 1006 1034 Aur.
1023 974 1097 1034 Viot
1115 972 1293 1051 Hieronym.)
1309 974 1448 1047 0000000-

273 1061 350 1120 tiore
371 1060 403 1118 in
419 1077 474 1120 usu
493 1064 545 1119 est.
577 1059 745 1120 Messallam
764 1077 878 1133 quoque
896 1063 952 1120 hoo
969 1062 1058 1120 verbo
1076 1061 1120 1119 uti
1139 1060 1256 1121 solitum
1274 1078 1338 1120 0000
1354 1065 1448 1121 00000-

272 1151 321 1205 tur
339 1147 448 1206 Seneca
471 1163 546 1206 suas.
564 1145 601 1204 Π.
624 1165 652 1219 p.
672 1149 711 1207 17
730 1146 766 1205 K.
809 1148 857 1206 Ad
878 1147 960 1206 verbi
982 1153 1204 1218 cognomentum
1227 1145 1448 1206 similitudinem

273 1233 364 1304 quod
381 1232 553 1305 Apuleius
571 1237 700 1291 veterum
715 1237 843 1292 sectator
857 1233 944 1292 etiam
958 1231 1277 1304 ‘agnomentum‘finxit
1290 1234 1448 1310 (spolio),

273 1335 538 1378 0000100000.-

358 1404 431 1464 Inde
452 1422 470 1462 a
493 1403 631 1464 Sallustio
654 1405 761 1463 10000
784 1409 852 1465 0000
873 1405 1058 1464 substantiva

358 1488 385 1567 0)
409 1489 625 1549 turbamentum
648 1523 687 1534 -—
712 1492 790 1563 quod
817 1507 959 1562 nusquam
984 1489 1133 1551 invenitur
1159 1489 1217 1549 nisi
1243 1489 1322 1562 apud
1349 1490 1447 1548 Sallu-

274 1575 362 1634 stium
384 1581 414 1635 et
436 1577 576 1635 Tacitum.
613 1577 680 1635 Sall
698 1577 766 1635 hist.
783 1575 807 1635 I.
825 1579 863 1635 41
883 1575 952 1654 (45),
970 1578 1010 1636 25
1033 1577 1219 1634 turbamenta
1240 1576 1449 1647 reipublicae.

274 1662 341 1720 Tae.
364 1661 431 1721 hist.
449 1661 472 1733 Ι,
491 1663 530 1721 29
553 1663 740 1721 turbamenta
762 1663 849 1735 vulgi.
871 1695 911 1705 —

358 1746 388 1826 b)
410 1749 700 1808 dehonestamentum
716 1781 755 1792 -
776 1749 843 1808 Sall.
856 1749 923 1808 hist.
936 1745 959 1806 I.
973 1749 1012 1807 41
1027 1743 1095 1822 (45),
1115 1749 1163 1806 11.
1181 1744 1321 1819 Fufidius,
1339 1748 1450 1806 ansilla

273 1832 377 1906 turpis,
399 1833 542 1892 honorum
562 1835 689 1893 omnium
707 1829 1004 1895 dehonestamentum.
1030 1833 1098 1891 hist.
1116 1831 1139 1890 Ι.
1158 1833 1198 1891 55
1217 1829 1277 1909 (57)
1295 1833 1450 1905 00101110

275 1920 595 1979 00000000000000·
617 1921 781 1992 eorporis
807 1919 953 1996 (effosso
981 1918 1092 1995 oeulo)
1117 1918 1258 1977 maxime
1283 1919 1450 1978 laetaba-

274 2009 331 2062 tur
360 2002 570 2082 (Sertorius).
623 2006 721 2078 Senes
752 2009 787 2066 de
814 2012 905 2066 const.
933 2024 993 2079 sap.
1023 2008 1070 2076 19,
1095 2005 1122 2063 3.
1163 2005 1230 2063 Tae.
1253 2004 1321 2063 hist.
1344 2005 1384 2076 H,
1406 2007 1449 2065 87

274 2107 392 2148 scurrae
417 2090 576 2152 histriones
603 2092 735 2164 aurigae,
763 2094 867 2164 quihus
895 2093 944 2151 1110
966 2091 1161 2150 amicitiarum
1184 2089 1450 2150 dehonestamentis

273 2176 346 2234 mire
373 2178 528 2248 gaudebat.
563 2178 590 2235 h.
612 2177 662 2248 tv,
685 2179 734 2237 13.
769 2179 965 2238 Sertorium
993 2195 1028 2235 se
1054 2182 1105 2235 aut
1130 2175 1324 2234 Hannibalem
1350 2176 1450 2236 ferens
1488 2239 1494 2252 ,

275 2261 386 2320 simili
408 2263 480 2322 oris
504 2264 819 2322 dehonestamento
840 2263 889 2338 (so.
913 2262 1045 2322 effosso
1070 2261 1188 2335 00010).
1222 2261 1450 2334 0000111114.

274 2347 353 2420 XIV,
378 2350 426 2407 21.
465 2349 541 2408 Just.
564 2347 676 2421 xxm,
701 2351 727 2421 1,
752 2351 801 2410 16.
831 2349 969 2421 XXVIH,
990 2351 1017 2420 2,
1042 2350 1070 2406 9.
1101 2347 1187 2405 Treb.
1209 2347 1282 2407 Poll.
1301 2347 1401 2409 Claud.
1420 2351 1449 2408 5.

275 2432 431 2505 Antipater
458 2436 564 2493 aneilla
589 2435 737 2494 honorum.
759 2441 794 2496 et¹
812 2434 1017 2495 historicorum
1044 2434 1340 2494 dehonestamentum.
1375 2435 1449 2492 Am·

277 2519 363 2578 mian.
381 2520 487 2592 XXVI,
507 2523 535 2591 6,
554 2521 593 2580 16
617 2520 874 2581 dehonestamenta
896 2517 1038 2580 h'onorum
1062 2519 1196 2579 omnium.
1220 2551 1224 2558 ·

361 2605 386 2681 o)
407 2605 631 2665 hortamentum.
675 2607 742 2666 Sall.
770 2607 813 2679 Ig.
838 2608 886 2678 98,
911 2610 937 2667 7.
977 2607 1040 2665 Liv.
1065 2610 1091 2678 7,
1116 2608 1164 2676 11,
1188 2607 1205 2666 6
1233 2606 1263 2663 10
1290 2612 1450 2678 conspeetu

274 2695 427 2764 parentum
455 2691 667 2764 coniugumque
689 2710 723 2751 ao
745 2692 915 2764 liberorum,
945 2709 1018 2765 0000
1040 2708 1146 2764 magna
1168 2690 1257 2750 etiam
1279 2691 1492 2769 absentibus.

276 2777 461 2836 hortamenta
478 2778 568 2837 animi
586 2783 647 2837 tum
667 2779 798 2838 subiecta
817 2780 907 2838 oeulis
926 2778 1046 2838 militem
1064 2778 1269 2838 accendebant.
1295 2777 1363 2837 Tae.
1381 2777 1450 2837 hist.

274 2863 323 2934 IV,
348 2865 387 2922 18
415 2859 552 2935 coniuges
579 2881 743 2937 parvosque
769 2865 878 2924 liberos
900 2866 1061 2925 consistere
1083 2881 1101 2922 0
1123 2869 1206 2935 tergo
1229 2863 1321 2936 iubet,
1349 2865 1451 2923 horta-

275 2954 374 3010 menta
395 2949 537 3008 victoriae
558 2953 604 3010 vel
625 2952 716 3022 pulsis
739 2953 889 3024 pudorem.
911 2984 951 2994 -
975 2957 1004 3009 00
1026 2968 1071 3022 ap.
1094 2951 1130 3007 al.

360 3035 447 3112 Apud
465 3037 598 3095 Tacitum
616 3037 742 3109 primum
760 3041 876 3096 exstant
893 3037 983 3097 verba
1000 3037 1157 3095 vimentum
1174 3051 1228 3107 pro
1247 3025 1336 3094 verbo
1354 3033 1450 3093 vimen

277 3120 391 3193 vulgari
417 3119 502 3206 (ann.
519 3121 590 3194 XII,
619 3124 679 3198 16),
706 3123 927 3182 eiectamentum
953 3121 1058 3198 (0000.
1081 3122 1130 3180 45.
1174 3121 1258 3206 Apul.
1286 3121 1362 3192 apol.
1390 3121 1448 3196 35),

277 3207 516 3266 meditamentum
534 3207 609 3286 (ann.
629 3208 690 3282 XV,
710 3210 758 3268 35.
790 3209 857 3268 hist.
875 3208 922 3280 IV,
943 3211 991 3268 26.
1023 3207 1141 3278 00118,
1161 3209 1209 3266 10.
1237 3205 1380 3264 Ammian.
1399 3209 1448 3278 23,

277 3293 305 3365 4,
330 3290 449 3369 10)-
1187 3352 1191 3361 ,

363 3379 754 3439 Terminationem·mentum
778 3397 795 3438 0
816 3380 962 3454 principio
989 3378 1061 3436 nihil
1084 3377 1163 3438 aliud
1186 3394 1250 3436 esse
1272 3378 1328 3436 nisi
1350 3377 1449 3436 termi-

280 3465 427 3524 nationem
449 3482 529 3525 ·men
550 3466 764 3538 partieipialem
787 3464 892 3524 suffixo
914 3471 959 3525 ·to
978 3464 1182 3539 amplificatam
1200 3481 1265 3523 oum
1283 3463 1335 3522 alii
1353 3469 1449 3522 statu-

278 3557 363 3610 erunt
384 3556 446 3609 tum
469 3551 638 3610 000000000.
674 3552 731 3611 Sed
753 3553 936 3611 substantiva
953 3551 984 3610 10
1001 3555 1143 3609 mentum
1161 3550 1296 3609 exeuntia
1314 3550 1372 3608 iam
1389 3567 1448 3608 ma·

278 3640 343 3695 ture
361 3654 379 3695 0
396 3637 587 3697 substantivis
609 3638 640 3696 in
658 3655 737 3697 ·men
754 3637 918 3698 terminatis
937 3655 1000 3696 sese
1017 3637 1226 3708 discreverunt¹
1247 3636 1289 3694 ita
1305 3641 1339 3693 ut
1356 3637 1448 3708 magis

278 3725 317 3782 ad
334 3720 576 3794 significationem
594 3725 779 3783 instrumenti
793 3723 974 3782 inclinarent.
1001 3723 1109 3782 Poetae
1127 3723 1190 3794 soli,
1210 3722 1314 3794 quihus
1328 3726 1449 3794 propter

278 3813 401 3868 metrum
427 3809 458 3867 in
484 3815 652 3882 contemptu
679 3815 762 3869 erant
785 3810 969 3870 substantiva
990 3809 1021 3866 in
1044 3813 1186 3867 -mentum
1208 3806 1347 3880 formata,
1370 3807 1448 3866 illam

278 3895 400 3954 alteram
426 3896 674 3955 substantivorum
695 3894 899 3955 formationem
922 3895 1022 3968 001000
1044 3895 1074 3954 10
1096 3912 1180 3954 usum
1199 3911 1281 3954 suum
1300 3899 1450 3954 converte·

279 3985 356 4040 runt
392 3982 503 4053 Quodsi
526 3981 654 4042 eiusdem
678 3981 854 4042 substantivi
876 3987 905 4040 et
920 3981 957 4039 ‘in
979 3997 1059 4040 -000
1080 3987 1109 4040 00
1130 3982 1161 4039 10
1183 3985 1323 4038 -mentum
1341 3978 1449 4039 forma·

280 4065 375 4126 tiones
407 4072 535 4140 exstant,
567 4067 646 4127 illam
661 4067 889 4136 ‚vindicabimus
920 4067 1028 4140 poetis,
1059 4067 1133 4126 hano
1160 4066 1286 4126 sermoni
1313 4067 1449 4139 pedestri.

278 4203 480 4219 ——l—--.

368 4287 387 4348 ¹)
404 4289 440 4336 De
453 4288 614 4338 substantivis
629 4289 654 4336 in
668 4287 736 4338 -nien
751 4294 775 4337 et
787 4293 909 4337 -meutum
920 4287 1089 4336 desinentibus
1100 4284 1181 4334 insius
1191 4285 1327 4348 disputavit
1337 4283 1448 4335 0000000.

278 4355 338 4406 Krit.
357 4355 457 4406 Nachtr.
475 4371 519 4404 zur
537 4357 577 4405 lat.
597 4355 770 4406 Formenlehre
787 4373 811 4420 p.
832 4355 879 4408 125
897 4371 951 4420 sqq.

359 4424 386 4490 .²)
403 4426 418 4476 i.
437 4440 457 4476 e.
478 4424 507 4475 fr.
526 4423 560 4476 40
577 4427 604 4475 D.
625 4452 654 4462 —
675 4423 708 4478 49
726 4425 766 4476 nr.
