3086 5096
748 347 1083 445 -51-’

267 552 321 611 ΠἹ.
347 571 374 613 v.
402 555 441 614 59
470 556 508 614 ob
541 553 621 614 iacta
651 553 793 626 uetantia,
825 553 935 614 XXIX.
962 572 988 616 v.
1015 557 1055 617 65
1087 554 1225 615 uetantia.
1270 552 1355 611 Varr.
1387 557 1452 612 sat.
1535 630 1536 636 ἵ

267 640 391 698 11555.
414 641 475 700 509
499 641 534 700 R.
558 674 597 684 -
620 641 681 700 Ast.
708 645 745 699 tr.
768 657 793 699 v.
818 642 878 701 189
905 640 1075 714 priusquam
1100 639 1198 700 inians
1224 639 1338 698 lacinus
1366 641 1452 698 oeuli

268 729 424 783 vescuntur
450 727 503 786 tui.
528 760 567 769 -
590 725 781 799 Partieipium
807 727 926 785 ‘volens’
951 729 1029 800 apud
1057 727 1225 786 Sallustium
1252 730 1282 784 et
1308 725 1452 784 Tacitum

268 826 361 883 prope
386 812 471 871 abest
493 830 511 871 5
532 810 698 884 participiis
721 812 840 870 ‘amans’
862 817 891 870 et
914 813 1110 873 desiderans.
1127 845 1169 855 —
1187 812 1275 884 Apud
1292 811 1453 870 Lucanum

267 895 391 968 legimus
402 894 550 957 ‘vexantia
567 899 629 957 ora'
642 897 694 956 ofr.
710 898 799 956 schol.
815 915 843 969 p.
857 899 917 959 148
932 900 1067 958 vexantia
1082 916 1188 958 515-
1203 914 1278 969 quae
1290 902 1452 969 vexantur,

270 983 406 1054 quoniam
433 983 551 1057 passivo
579 981 717 1043 deficiunt
740 983 902 1056 praesentis
927 984 1068 1056 temporis
1095 983 1260 1058 participia.
1283 1017 1322 1026 -
1346 983 1451 1042 Parti-

270 1067 341 1140 eipii
361 1069 539 1128 ‘intolerans'
561 1087 645 1128 usum
667 1070 814 1142 passivum
838 1068 949 1128 Gellius
970 1069 1029 1143 (19,
1050 1067 1146 1145 7,1(1)
1168 1068 1253 1128 affert
1270 1086 1306 1128 ex
1323 1068 1452 1143 Laevio,
1535 1119 1536 1150 ,

271 1170 355 1226 quern
387 1154 495 1215 dixisse
524 1155 617 1215 tradit
647 1155 734 1214 ‘euris
764 1155 1006 1215 intolerantibus’.
1050 1153 1165 1216 Deinde
1190 1155 1338 1214 invenitur
1364 1157 1452 1229 apud

271 1240 363 1298 Tacit.
381 1240 436 1299 III
455 1241 495 1301 45
519 1258 680 1300 memorare
696 1258 781 1314 quam
805 1243 913 1301 decora
930 1241 1091 1301 victoribus
1113 1241 1243 1312 libertas,
1266 1244 1378 1312 quanto
1401 1241 1452 1298 in-

271 1325 446 1385 tolerantior
473 1327 598 1387 servitus
625 1327 731 1385 iterum
757 1327 851 1386 vietis.
891 1327 944 1386 XI.
969 1330 1009 1387 10
1035 1327 1200 1400 regreditur
1222 1327 1325 1398 ingens
1348 1327 1453 1398 gloria

270 1416 359 1483 atque
376 1429 410 1471 eo
429 1411 557 1502 ferocior
574 1417 604 1471 et
621 1413 760 1471 subiectis
779 1413 992 1472 intolerantior.
1018 1413 1184 1486 Draegerus
1203 1411 1450 1484 5111151545

271 1499 406 1556 adnotat:
429 1497 652 1558 ‘intolerantior'
675 1497 1248 1572 5555155511515555115581555515
1267 1500 1315 1570 11,
1336 1501 1384 1557 10.
1405 1533 1450 1541 —

271 1581 352 1642 Flor.
375 1584 408 1655 4,
433 1585 473 1641 12
505 1583 578 1641 511111
608 1583 797 1643 insultatione
828 1585 1021 1644 barbarorum
1048 1585 1262 1644 intolerantius.
1305 1585 1452 1644 Ueberall

273 1671 377 1740 selten,
405 1669 480 1728 doeh
507 1669 597 1728 sehon
623 1669 753 1729 551015.
777 1669 807 1727 in
829 1669 925 1728 Vatin.
950 1673 988 1729 12
1012 1672 1048 1730 de
1069 1671 1128 1729 tuis
1151 1670 1261 1731 divitiis
1284 1669 1452 1729 intoleran-

272 1755 385 1813 tissime
411 1754 556 1826 gloriaris.
599 1755 644 1814 Im
667 1756 786 1815 Grunde
812 1755 851 1814 ist
878 1756 930 1814 der
952 1757 1023 1815 Sinn
1049 1757 1143 1815 aktiv:
1172 1757 1336 1832 „masslos“.
1382 1757 1452 1828 Qua
1535 1823 1536 1826 Ἴ

272 1841 416 1911 Draegeri
442 1841 473 1898 in
500 1842 692 1900 adnotatione
721 1843 842 1900 multum
870 1843 945 1901 inest-
972 1841 1052 1912 falsi;
1079 1859 1145 1901 nam
1172 1858 1226 1900 nec
1252 1842 1329 1913 loeo,
1362 1859 1453 1913 quem

272 1944 308 1985 ex
331 1925 421 1985 Floro
444 1926 542 1999 511511,
565 1945 658 2000 neque
680 1929 759 1999 apud
780 1929 914 1987 Tacitum
937 1929 995 1987 alia
1016 1929 1061 1987 vis
1083 1927 1234 2001 participii
1255 1927 1327 1986 ferri
1350 1932 1454 2002 potest

272 2012 330 2071 nisi
355 2013 485 2084 passiva;
512 2015 591 2086 apud
605 2013 785 2072 Ciceronem
808 2019 853 2072 est
875 2014 984 2086 activa,
1010 2020 1044 2074 ut
1069 2014 1127 2072 iam
1148 2013 1346 2086 Nipperdeius
1368 2020 1455 2074 recte

273 2098 438 2171 explicavit.
483 2099 568 2170 Quod
590 2099 615 2158 si
637 2099 668 2158 in
690 2117 755 2158 555.
778 2099 830 2171 XI,
855 2102 894 2158 10
916 2100 1149 2172 intellegeremus
1176 2099 1324 2160 notionem
1351 2101 1452 2172 parti-

274 2185 343 2256 cipii
362 2185 539 2244 ‘intolerans'
558 2185 692 2256 activam,
715 2186 739 2243 is
761 2187 843 2244 loeus
866 2185 951 2244 nobis
969 2191 1046 2244 esset
1064 2186 1303 2258 interpretandus
1322 2185 1402 2244 hune
1420 2187 1454 2244 in

274 2272 403 2329 modum:
435 2271 495 2343 „Er
520 2271 607 2330 kehrt
633 2270 743 2329 zurlielr
769 2272 935 2343 uugeheuer
961 2288 999 2329 an
1024 2271 1121 2329 Ruhm
1147 2271 1207 2329 und
1234 2272 1337 2331 darum
1365 2271 1453 2331 desto

275 2356 466 2428 unbendiger·
486 2358 546 2415 und
572 2372 664 2428 gegen
692 2356 739 2415 die
761 2356 1001 2416 Untervorienen
1028 2358 1251 2417 unduldsamer“
1277 2353 1332 2429 (vel
1356 2357 1456 2417 simile

275 2441 366 2517 quid),
394 2443 473 2514 quod
500 2440 615 2512 quidem
643 2441 760 2501 omnino
782 2460 842 2501 non
863 2443 1035 2514 requiritur;
1067 2459 1101 2501 ac
1124 2444 1149 2500 si
1171 2443 1349 2504 ‘intolerans’
1372 2443 1453 2502 idern

275 2532 321 2586 est
343 2544 378 2586 ao
399 2527 618 2599 intolerabilis,
642 2545 743 2586 sensus
765 2534 813 2588 est
831 2529 974 2601 passIvus.
998 2562 1037 2572 -
1060 2526 1141 2586 Haeo
1164 2533 1238 2600 sunt,
1262 2544 1336 2598 quae
1359 2529 1455 2588 habui

274 2611 381 2674 afferre
403 2630 439 2672 ex
462 2614 669 2686 scriptoribus3
692 2614 750 2673 iam
771 2630 841 2672 vero
864 2633 900 2674 ex
916 2631 1051 2673 sermone
1067 2615 1181 2686 vulgari
1198 2613 1364 2687 participiis
1382 2615 1454 2673 ‘eia-

276 2700 386 2757 culans'
404 2700 522 2758 ‘amans’
539 2698 579 2774 (G.
597 2699 620 2757 Ι.
635 2698 668 2757 L.
682 2700 703 2756 l.
717 2700 768 2758 Nr.
784 2701 875 2759 1080.
893 2702 983 2762 1207.
1006 2699 1044 2757 Π.
1058 2700 1109 2759 Nr.
1124 2701 1214 2760 1504.
1238 2699 1274 2756 X.
1287 2699 1339 2757 Nr.
1354 2701 1452 2773 3300,

276 2786 369 2844 3704.
394 2784 487 2860 7612)
510 2785 698 2844 ‘desiderans'
719 2784 760 2863 (Ο.
778 2785 801 2844 Ι.
819 2786 853 2844 L.
872 2785 911 2844 IL
930 2788 989 2844 541
1011 2787 1047 2844 al.
1077 2786 1178 2845 Front.
1201 2802 1229 2857 p.
1250 2788 1298 2855 17,
1318 2788 1344 2844 2.
1372 2788 1401 2857 0,
1421 2789 1452 2846 8.

276 2872 325 2942 88,
346 2873 394 2929 11.
423 2872 492 2942 132,
512 2873 550 2930 21
568 2870 614 2946 N.)
636 2888 710 2943 quae
732 2872 790 2930 iam
808 2872 955 2932 Usenerus
974 2871 1217 2942 commemoravit,
1239 2871 1361 2942 adiungi
1379 2889 1449 2944 pos·

277 2962 344 3015 sunt
370 2958 455 3015 haec:
489 2956 641 3015 ‘reverens’
662 2957 742 3018 Flor.
770 2959 798 3028 4,
827 2960 875 3029 12,
903 2961 943 3018 66
972 2959 1029 3017 Sed
1055 2958 1185 3016 sanetius
1212 2961 1241 3016 et
1267 2959 1451 3017 reverentius

208 3077 210 3082 ·
277 3043 371 3100 visum
394 3047 438 3101 est
461 3060 565 3101 nomen
586 3043 721 3114 Augusti.
744 3075 782 3085 —
808 3041 839 3101 O.
861 3044 884 3100 I.
907 3044 940 3102 L.
963 3045 999 3102 X.
1024 3045 1115 3102 1287.
1139 3043 1230 3102 3354.
1253 3042 1335 3101 3355
1357 3041 1452 3118 (reve-

275 3127 469 3204 rentissimus)
491 3162 530 3171 -
555 3133 584 3187 et
606 3129 893 3201 ,indulgentissimus
915 3130 971 3188 hoe
993 3133 1071 3187 certe
1093 3129 1124 3187 15
1145 3128 1231 3187 titulo
1252 3127 1321 3185 (11.
1341 3129 1374 3186 L.
1393 3129 1450 3187 ΙΠ,

275 3214 326 3271 Nr.
347 3215 438 3274 2684.
473 3214 508 3273 D.
530 3215 571 3274 M.
594 3216 665 3274 Aur.
682 3213 831 3274 Firminus
854 3220 883 3273 51
903 3214 1007 3273 Flavia
1028 3214 1127 3273 Prima
1148 3218 1285 3285 parentes
1307 3212 1450 3274 infelicis·

276 3300 342 3358 simi
364 3297 480 3360 filiabus
503 3301 563 3359 5515
586 3300 751 3360 8151551155
772 3300 876 3360 Iovino
898 3299 991 3358 Lucio
1014 3299 1282 3372 indulgentissimis.
1308 3331 1347 3342 -

417 3551 480 3633 11.
516 3550 588 3634 De
613 3551 893 3636 verborum
920 3549 1301 3652 significatione.
1382 3611 1387 3620 .

693 3735 732 3803 Α.
767 3737 817 3804 115
839 3738 1036 3806 adiectivis.

364 3897 391 3975 1)
412 3898 456 3956 Ae
478 3897 603 3970 primum
626 3897 780 3955 Sallustius
803 3903 833 3956 et
850 3898 969 3956 Tacitus
987 3896 1138 3956 adieetivIs
1157 3897 1277 3970 aliquot,
1300 3913 1374 3968 quae
1391 3915 1451 3957 non

278 3986 373 4044 solent
394 3984 531 4056 usurpari
553 3983 610 4042 nisi
628 4001 714 4044 sensu
732 3983 836 4055 activo,
859 3984 1007 4043 subiciunt
1024 3986 1125 4044 eodem
1143 3985 1229 4042 modo
1249 3999 1363 4041 sensum
1381 4001 1449 4055 pas·

278 4072 382 4148 sivum3
410 4075 478 4129 sunt
504 4073 601 4127 autem
622 4069 779 4142 praecipue
801 4069 884 4128 haec:
911 4085 1028 4141 gnarus,
1055 4070 1182 4141 ignarus,
1204 4068 1327 4140 nescius,
1350 4066 1472 4128 15555-Ι

277 4161 337 4228 155,
364 4156 507 4215 innoxius.
543 4154 643 4226 Neque
666 4157 770 4214 desunt
793 4172 867 4227 quae
890 4172 1062 4229 quamquam
1085 4157 1171 4226 vulgo
1198 4155 1307 4214 habent
1333 4171 1449 4214 sensum

277 4242 446 4301 reflexivum
468 4241 514 4300 vel
536 4239 695 4313 passivum,
722 4242 759 4300 ab
783 4241 819 4300 iis
842 4242 1038 4301 adhibeantur
1059 4241 1154 4301 active
1176 4241 1254 4299 velut
1276 4238 1449 4300 formidulo-

279 4346 341 4399 555,
367 4332 461 4399 15155,
488 4327 608 4384 1515155.
652 4325 784 4385 Sallustii
806 4327 959 4400 Tacitique
985 4325 1101 4387 dicendi
1127 4326 1241 4398 generis
1263 4325 1294 4383 in
1316 4326 1450 4398 proprie·

278 4419 353 4480 tates
382 4429 564 4494 quamquam,
581 4411 767 4486 inquirimus,
797 4413 1007 4473 adieetivorum
1034 4413 1111 4470 hune
1137 4430 1220 4472 usum
1247 4410 1389 4486 intertum
1412 4414 1449 4472 ad
