3086 5096
584 410 771 472 „9-

95 581 224 654 Tacitus,
246 582 295 654 qui
318 582 444 642 sermoni
465 581 580 654 poetico
598 599 704 656 magno
724 600 811 655 opere
828 581 957 654 indulsit,
979 583 1035 640 hac
1053 598 1167 654 quoque
1183 581 1214 640 16
1231 599 1263 640 re

95 672 336 741 poetas-secutus
358 667 507 741 prioribus
529 669 560 726 16
582 669 666 728 libris
689 669 835 728 interdum
858 667 1042 728 substantiva
1059 668 1089 726 16
1108 685 1189 727 -666
1204 672 1263 727 ter·

93 753 237 813 minantia
264 753 454 813 substantivis
476 755 670 814 iumentum
692 755 842 827 praetulit,
869 755 1025 827 praecipue
1047 755 1078 812 in
1099 753 1264 825 Germania,

93 841 143 913 qui
168 840 246 902 liber
272 841 398 900 omnium
425 840 550 899 maxime
572 842 698 900 colorem
720 843 832 900 redolet
854 841 1013 913 poeticum:
1038 857 1093 912 pro
1115 841 1265 900 ‘velamen-

93 927 163 984 tum'
196 927 297 1000 posuit
321 927 468 985 ‘velamen'
495 927 589 986 Germ.
615 930 662 987 17.
691 961 729 974 ψ
757 944 811 1000 pro
838 927 1069 986 ‘hortamentum’
1095 927 1264 985 ‘hortamen’

93 1013 190 1072 Germ.
211 1015 237 1074 7.
257 1045 296 1057 —
316 1029 369 1085 pro
388 1011 599 1084 ‘fragmentum'
617 1011 765 1086 ‘fragmen'
783 1013 850 1073 hist.
868 1014 902 1085 V,
920 1015 948 1072 6.
971 1031 1037 1072 666.
1050 1012 1074 1084 I,
1089 1016 1138 1073 61.
1154 1046 1192 1054 -
1208 1030 1263 1086 pro

94 1098 303 1157 ‘levamentum'
326 1099 471 1157 ‘levamen’
489 1099 556 1157 hist.
573 1099 608 1170 V,
627 1100 654 1159 3.
690 1099 823 1158 Ceterum
841 1104 944 1171 postea
961 1101 999 1158 ad
1017 1098 1130 1170 generis
1149 1099 1265 1158 dicendi

94 1185 239 1256 pedestris
261 1183 452 1244 formationes
474 1202 539 1243 eum
560 1186 672 1252 redisse
693 1186 751 1243 iam
773 1183 968 1244 Woelfflinius
991 1185 1111 1244 monuit.
1135 1217 1173 1228 ·-

178 1274 207 1340 c)
229 1270 330 1342 Neque
352 1271 390 1329 ad
408 1270 504 1329 Taciti
526 1271 624 1329 studia
643 1276 774 1330 veterum
796 1287 855 1329 non
877 1276 991 1343 spectat
1011 1288 1081 1330 usus
1102 1271 1184 1330 verbi
1203 1273 1264 1330 ‘sa-

94 1352 162 1415 tias'
173 1354 360 1415 formationis
370 1356 532 1416 solitariae:
550 1357 645 1415 Plaut.
658 1357 763 1417 Pseud.
778 1358 848 1415 322.
865 1356 931 1416 Ter.
941 1357 1015 1415 Eun.
1026 1359 1096 1416 972.
1114 1357 1183 1415 Hec.
1193 1358 1264 1416 594.

93 1441 184 1500 Lucil.
208 1441 317 1502 xxix,
337 1443 376 1503 68
394 1443 434 1501 M.
456 1442 517 1501 Att.
536 1459 563 1501 v.
581 1445 651 1504 176.
670 1443 741 1509 659,
769 1441 854 1501 Lucr.
873 1445 901 1514 2,
922 1443 1013 1502 1036.
1040 1443 1175 1513 5,1389.
1198 1443 1265 1501 Sall.

18 1527 19 1530 ’
93 1527 120 1584 h.
142 1526 183 1586 H.
203 1529 244 1586 29
263 1526 331 1605 (35).
362 1527 425 1586 Liv.
443 1527 493 1600 30,
512 1528 539 1599 3,
558 1529 586 1587 4.
612 1528 663 1588 Sil.
682 1529 709 1601 4,
729 1531 797 1588 110.
829 1529 897 1588 Τ66.
915 1545 981 1587 666.
999 1527 1054 1599 ΙΠ,
1073 1528 1121 1587 30.
1140 1529 1190 1587 54.
1217 1529 1265 1601 Vl,

94 1613 142 1671 38.
174 1613 254 1685 XVI,
278 1616 326 1674 16.
356 1613 499 1672 Ammian.
524 1614 571 1686 18,
595 1617 622 1686 2,
646 1613 737 1684 419,
760 1616 856 1686 2,14.
880 1648 919 1658 -
942 1613 1265 1686 Pro‘satias'legimus

92 1697 199 1843 ‘ssaattiffl
228 1701 306 1771 apud
330 1699 404 1759 Plin.
431 1716 458 1758 6.
481 1700 508 1758 1.
531 1700 559 1772 8,
582 1701 643 1759 209
667 1705 696 1798 et
718 1699 748 1758 in
771 1699 801 1758 G.
823 1700 847 1758 I.
869 1699 902 1759 L.
925 1701 953 1772 8,
978 1700 1058 1760 1523
1082 1700 1205 1760 viximus
1228 1703 1267 1760 ad
1318 1719 1321 1726 ·

179 1869 213 1941 d)
235 1869 296 1932 ·do.
319 1903 358 1914 -
381 1871 429 1931 Ad
452 1871 650 1943 quaestionem
669 1876 799 1930 nostram
817 1872 944 1944 pertinet
960 1873 1174 1931 substantivum
1196 1875 1266 1931 ‘tor-

18 1957 19 1966 '
93 1957 177 2028 pedo'
200 1973 255 2029 pro
282 1958 409 2028 ‘torpor',
437 1959 514 2028 quod
540 1957 702 2017 invenimus
729 1959 808 2030 apud
831 1957 969 2017 Catonem
995 1959 1092 2016 carm.¹
1105 1959 1141 2017 de
1162 1958 1265 2018 morib.

95 2041 128 2100 fr.
152 2043 180 2102 3.
204 2060 233 2114 p.
251 2043 302 2114 83,
325 2046 342 2102 7
366 2042 448 2101 Jord.
470 2043 496 2100 si
518 2043 599 2101 nihil.
613 2059 749 2102 exerceas
771 2043 878 2102 inertia
896 2049 925 2101 et
942 2045 1066 2116 torpedo
1089 2045 1155 2116 plus
1178 2045 1267 2103 detri-

94 2129 183 2186 menti
205 2126 279 2187 facit
301 2145 386 2200 quam
409 2129 557 2188 exercitio.
594 2128 660 2188 Sall.
683 2129 750 2187 hist.
772 2129 795 2186 I.
819 2131 859 2189 48
875 2127 944 2206 (51),
969 2131 1017 2187 19.
1058 2129 1111 2188 ΠΙ.
1136 2131 1173 2190 61
1197 2130 1264 2208 (82),

98 2215 144 2272 20.
180 2214 250 2272 Tac.
273 2215 299 2276 h.
318 2213 369 2284 111,
389 2215 438 2275 63.
472 2215 545 2273 Eius
567 2212 1190 2286 66611666116111611666366661166.
1213 2215 1265 2279 cfr.

18 2317 19 2324 ¹
96 2299 185 2359 Prisc.
208 2299 233 2356 I.
255 2317 282 2373 p.
307 2303 376 2370 122,
400 2302 440 2358 10
457 2301 493 2358 Η.
516 2333 556 2344 -

131 2401 133 2408 ·
181 2385 437 2444 Substantivorum
459 2386 490 2444 16
508 2387 575 2446 edo
593 2387 811 2446 terminantium
829 2387 1072 2446 conformationes
1090 2389 1268 2462 respondere

18 2539 19 2548 χ
97 2469 249 2531 adiectivis
267 2472 298 2530 in
316 2471 411 2530 ·i·dus
430 2467 665 2543 probabilissime
684 2473 759 2533 dixit
777 2471 974 2549 0666666661),
993 2474 1040 2532 661
1058 2474 1131 2538 nihil
1149 2475 1267 2532 obstare

18 2569 19 2582 ³
98 2556 222 2629 videtur,
244 2560 322 2629 quod
340 2557 445 2617 Graeci
467 2563 500 2616 ut
518 2560 701 2617 substantive
718 2559 747 2616 in
766 2554 887 2644 -ή-δων
906 2550 1068 2644 (ἀλγηδών
1086 2560 1133 2636 61.)
1149 2559 1192 2618 116
1209 2578 1267 2619 666

18 2655 19 2658 ’
98 2642 352 2704 conformaverunt
374 2644 518 2702 adiectiva
540 2645 571 2702 16
591 2640 704 2718 -ι-δος.

182 2729 241 2788 Pro
257 2737 272 2788 e
286 2731 375 2800 longa
384 2729 523 2789 habemus
533 2732 671 2802 ilungam
680 2729 1264 2802 16661116666166-1666166-115166.

99 2813 152 2873 Sed
179 2817 261 2887 apud
282 2815 450 2878 Lucretium
473 2832 526 2888 pro
549 2815 638 2875 verbo
661 2817 767 2890 cupido
790 2816 936 2876 invenitur
959 2817 1111 2889 quinquies
1134 2818 1267 2889 cuppedo

97 2899 133 2972 (1,
152 2902 234 2960 1081
255 2899 308 2976 61.),
332 2902 410 2973 quod
427 2903 547 2961 verbum
569 2904 655 2974 vulgo
674 2904 826 2974 angustius
844 2903 922 2961 valet
938 2919 993 2974 pro
1010 2903 1157 2962 ‘bellaria'.
1194 2902 1267 2961 Sub·

18 2975 19 3002 ¹
100 2987 292 3046 stantivorum
320 2987 351 3045 in
378 2989 447 3046 ·edo
474 2989 691 3047 terminantium
719 2986 893 3062 significatio
917 3005 984 3048 cum
1004 2989 1077 3048 artis
1099 2987 1206 3047 finibus
1230 2990 1268 3048 sit

100 3070 331 3144 circumscripta,
362 3090 432 3132 usus
459 3091 573 3146 quoque
599 3091 699 3133 eorum
726 3077 805 3147 apud
831 3075 988 3146 scriptores
1015 3092 1073 3133 non
1097 3076 1157 3133 1616
1178 3079 1267 3146 patet.

99 3155 280 3218 ereberrime
309 3158 352 3217 116
383 3158 565 3218 conformata
595 3167 663 3218 sunt
689 3162 807 3220 nomina
832 3161 1000 3219 morborum
1026 3162 1107 3220 velut
1132 3163 1267 3233 gravedo,

99 3246 188 3304 uredo
211 3246 289 3316 apud
313 3245 438 3316 optimos
461 3247 632 3317 scriptores:
654 3251 771 3318 praeter
793 3252 904 3306 ceteros
926 3246 1114 3306 inveniuntur
1136 3263 1170 3305 ea
1187 3247 1268 3306 vide·

99 3327 165 3388 licet
192 3332 270 3402 apud
296 3347 360 3402 eos,
391 3331 440 3402 qui
467 3333 503 3390 de
528 3331 674 3391 medicina
699 3334 745 3392 vel
768 3333 912 3392 derebus
934 3332 1053 3392 rusticis
1076 3332 1267 3405 scripserunt;

99 3416 174 3474 velut
201 3416 347 3488 pinguedo
363 3419 452 3489 ,apud
473 3417 599 3476 Plinium
621 3423 650 3477 et
671 3418 846 3490 Palladium,
877 3420 1015 3491 raucedo,
1042 3420 1167 3491 putredo
1190 3420 1268 3492 apud

102 3499 175 3561 Cael.
192 3501 277 3572 Aur,
298 3503 423 3573 turpedo
446 3505 524 3576 apud
545 3505 637 3562 Marc.
659 3504 751 3576 Emp,
773 3503 875 3562 faredo
898 3504 978 3576 apud
994 3505 1068 3564 Plin.
1086 3505 1181 3562 Valer.
1220 3505 1268 3564 Ad

101 3601 198 3645 eorum
226 3588 387 3659 exemplum
408 3588 529 3649 Plautus
555 3590 671 3648 videtur
697 3589 816 3649 finxisse
842 3590 963 3650 verbum
985 3592 1151 3650 absumedo.
1181 3588 1267 3666 (capt.

102 3670 177 3750 904).
200 3706 240 3716 -
263 3673 376 3732 Deinde
401 3674 446 3732 his
474 3675 719 3748 appellationibus
741 3676 942 3748 significantur
963 3678 1074 3735 colores
1097 3682 1126 3735 et
1148 3692 1267 3748 sapores

101 3758 176 3816 velut
198 3760 313 3831 albedo,
336 3760 466 3832 nigredo
488 3762 609 3833 rubedo,
628 3764 743 3834 acredo,
762 3764 894 3836 dulcedo,
912 3763 1036 3822 salsedo.
1071 3763 1178 3821 Rarius
1197 3763 1268 3823 haec

100 3844 187 3904 verba
218 3845 365 3916 pertinent
391 3847 429 3904 ad
456 3848 546 3905 animi
573 3853 707 3907 naturam
734 3849 840 3922 cupido
867 3847 992 3906 formido
1019 3848 1111 3908 libido
1134 3849 1266 3920 torpedo,

101 3931 237 3990 mulcedo.
271 3929 353 4007 (Gell.
373 3932 421 4002 19,
440 3934 467 4004 9,
488 3937 505 3992 7
525 3933 571 4008 61.)

184 4020 213 4086 6)
226 4016 292 4076 '·ia.
320 4049 359 4060 -
387 4018 433 4076 Ex
459 4019 650 4078 substantivis
677 4020 707 4079 in
734 4019 778 4078 ·ie
805 4019 1003 4079 desinentibus
1031 4017 1120 4078 affero
1147 4019 1267 4079 verbum

18 4167 19 4172 .
102 4102 290 4162 ‘vecordia’
313 4103 390 4176 quod
409 4103 547 4164 Sallustio
565 4105 725 4177 Tacitoque
747 4111 865 4178 praeter
887 4110 1000 4164 ceteros
1022 4105 1053 4163 16
1076 4105 1188 4164 deliciis
1212 4111 1267 4164 est:

102 4185 154 4244 hoc
170 4188 290 4247 verbum
308 4189 456 4248 invenitur
473 4192 551 4263 apud
569 4191 633 4248 Ter.
652 4191 742 4250 Andr.
758 4192 807 4264 IV,
826 4194 854 4262 1,
874 4194 901 4250 2.
936 4193 1008 4250 Nov.
1027 4208 1098 4250 com.
1113 4191 1148 4248 fr.
1162 4209 1187 4250 v.
1201 4191 1268 4252 41¹.

103 4269 167 4330 Sall.
189 4273 251 4332 061.
275 4275 324 4347 15,
348 4276 376 4334 5.
411 4275 453 4346 lg.
471 4276 499 4349 5,
518 4278 545 4336 2.
574 4278 622 4347 72,
642 4278 669 4336 2.
698 4277 746 4350 94,
769 4278 797 4335 4.
825 4279 873 4349 99,
893 4279 920 4337 3.
956 4277 1006 4338 Ov.
1029 4281 1094 4336 met.
1111 4277 1177 4348 XII,
1197 4279 1266 4337 227.

18 4399 19 4410 v
102 4394 300 4410 ——u—

186 4456 281 4524 ι)Κ111.
300 4459 373 4511 Beitr.
392 4477 416 4524 p.
437 4460 492 4516 108.
