<?xml version="1.0" encoding="UTF-8"?>
<!DOCTYPE html PUBLIC "-//W3C//DTD XHTML 1.0 Transitional//EN"
    "http://www.w3.org/TR/xhtml1/DTD/xhtml1-transitional.dtd">
<html xmlns="http://www.w3.org/1999/xhtml" xml:lang="en" lang="en">
 <head>
  <title>
</title>
<meta http-equiv="Content-Type" content="text/html;charset=utf-8" />
  <meta name='ocr-system' content='tesseract 3.04.00' />
  <meta name='ocr-capabilities' content='ocr_page ocr_carea ocr_par ocr_line ocrx_word'/>
</head>
<body>
  <div class='ocr_page' id='page_1' title='image "./detacitistudiis01schogoog_0034.png"; bbox 0 0 3086 5096; ppageno 0'>
   <div class='ocr_carea' id='block_1_1' title="bbox 578 369 787 434">
    <p class='ocr_par' dir='ltr' id='par_1_1' title="bbox 578 369 787 434">
     <span class='ocr_line' id='line_1_1' title="bbox 578 369 787 434; baseline -0.005 -18"><span class='ocrx_word' id='word_1_1' title='bbox 578 369 787 434; x_wconf 75' lang='lat'>..29-</span> 
     </span>
    </p>
   </div>
   <div class='ocr_carea' id='block_1_2' title="bbox 20 537 1268 960">
    <p class='ocr_par' dir='ltr' id='par_1_2' title="bbox 20 537 1268 786">
     <span class='ocr_line' id='line_1_2' title="bbox 92 537 1268 614; baseline 0.002 -16"><span class='ocrx_word' id='word_1_2' title='bbox 92 541 146 611; x_wconf 85' lang='lat' dir='ltr'>git&#39;</span> <span class='ocrx_word' id='word_1_3' title='bbox 164 573 217 612; x_wconf 92' lang='lat'>-‚</span> <span class='ocrx_word' id='word_1_4' title='bbox 240 559 314 614; x_wconf 85' lang='lat' dir='ltr'>quoe</span> <span class='ocrx_word' id='word_1_5' title='bbox 331 544 423 603; x_wconf 87' lang='lat' dir='ltr'>verba</span> <span class='ocrx_word' id='word_1_6' title='bbox 440 543 560 602; x_wconf 80' lang='lat' dir='ltr'><strong>Tacitus</strong></span> <span class='ocrx_word' id='word_1_7' title='bbox 581 541 698 601; x_wconf 87' lang='lat' dir='ltr'>videtur</span> <span class='ocrx_word' id='word_1_8' title='bbox 719 542 860 602; x_wconf 90' lang='lat' dir='ltr'>memoria</span> <span class='ocrx_word' id='word_1_9' title='bbox 882 543 1017 613; x_wconf 86' lang='lat' dir='ltr'>tenuisse,</span> <span class='ocrx_word' id='word_1_10' title='bbox 1039 537 1104 601; x_wconf 90' lang='lat' dir='ltr'>cum</span> <span class='ocrx_word' id='word_1_11' title='bbox 1126 543 1268 604; x_wconf 77' lang='lat' dir='ltr'><strong>scriberet</strong></span> 
     </span>
     <span class='ocr_line' id='line_1_3' title="bbox 91 627 1268 700; baseline 0.003 -17"><span class='ocrx_word' id='word_1_12' title='bbox 91 627 160 685; x_wconf 89' lang='lat' dir='ltr'>bist.</span> <span class='ocrx_word' id='word_1_13' title='bbox 184 627 238 699; x_wconf 88' lang='lat' dir='ltr'>III,</span> <span class='ocrx_word' id='word_1_14' title='bbox 261 629 302 688; x_wconf 89' lang='lat'>30</span> <span class='ocrx_word' id='word_1_15' title='bbox 329 646 363 688; x_wconf 90' lang='lat' dir='ltr'>ac</span> <span class='ocrx_word' id='word_1_16' title='bbox 390 647 491 688; x_wconf 87' lang='lat' dir='ltr'>rursus</span> <span class='ocrx_word' id='word_1_17' title='bbox 518 645 594 688; x_wconf 86' lang='lat' dir='ltr'>nova</span> <span class='ocrx_word' id='word_1_18' title='bbox 620 628 754 687; x_wconf 85' lang='lat' dir='ltr'>laborum</span> <span class='ocrx_word' id='word_1_19' title='bbox 779 627 879 687; x_wconf 88' lang='lat' dir='ltr'>facies.</span> <span class='ocrx_word' id='word_1_20' title='bbox 924 627 1009 700; x_wconf 82' lang='lat' dir='ltr'>Verg.</span> <span class='ocrx_word' id='word_1_21' title='bbox 1035 630 1106 688; x_wconf 88' lang='lat' dir='ltr'>Aen.</span> <span class='ocrx_word' id='word_1_22' title='bbox 1132 629 1183 700; x_wconf 85' lang='lat' dir='ltr'>VI,</span> <span class='ocrx_word' id='word_1_23' title='bbox 1205 629 1268 688; x_wconf 89' lang='grc'>560</span> 
     </span>
     <span class='ocr_line' id='line_1_4' title="bbox 20 712 982 786; baseline 0.002 -16"><span class='ocrx_word' id='word_1_24' title='bbox 20 755 21 758; x_wconf 21' lang='lat'>¹</span> <span class='ocrx_word' id='word_1_25' title='bbox 90 712 174 782; x_wconf 78' lang='lat' dir='ltr'>Quae</span> <span class='ocrx_word' id='word_1_26' title='bbox 198 715 339 773; x_wconf 89' lang='lat' dir='ltr'>scelerum</span> <span class='ocrx_word' id='word_1_27' title='bbox 361 715 459 774; x_wconf 89' lang='lat' dir='ltr'>iacies.</span> <span class='ocrx_word' id='word_1_28' title='bbox 503 714 553 774; x_wconf 86' lang='lat' dir='ltr'>Sil</span> <span class='ocrx_word' id='word_1_29' title='bbox 576 715 605 786; x_wconf 89' lang='lat'>4,</span> <span class='ocrx_word' id='word_1_30' title='bbox 627 715 688 773; x_wconf 87' lang='grc'>593</span> <span class='ocrx_word' id='word_1_31' title='bbox 711 714 790 772; x_wconf 91' lang='lat' dir='ltr'>mille</span> <span class='ocrx_word' id='word_1_32' title='bbox 811 714 862 773; x_wconf 89' lang='lat' dir='ltr'>leti</span> <span class='ocrx_word' id='word_1_33' title='bbox 883 713 982 772; x_wconf 90' lang='lat' dir='ltr'>facies.</span> 
     </span>
    </p>

    <p class='ocr_par' dir='ltr' id='par_1_3' title="bbox 20 799 1268 960">
     <span class='ocr_line' id='line_1_5' title="bbox 177 799 1267 874; baseline 0 -18"><span class='ocrx_word' id='word_1_34' title='bbox 177 799 313 872; x_wconf 90' lang='lat' dir='ltr'>Denique</span> <span class='ocrx_word' id='word_1_35' title='bbox 334 799 419 860; x_wconf 88' lang='lat' dir='ltr'>‘facie</span> <span class='ocrx_word' id='word_1_36' title='bbox 436 801 559 860; x_wconf 90' lang='lat' dir='ltr'>alicuius</span> <span class='ocrx_word' id='word_1_37' title='bbox 576 799 629 858; x_wconf 85' lang='lat' dir='ltr'>rei’</span> <span class='ocrx_word' id='word_1_38' title='bbox 645 800 767 872; x_wconf 83' lang='lat' dir='ltr'>legimus</span> <span class='ocrx_word' id='word_1_39' title='bbox 784 817 838 874; x_wconf 89' lang='lat' dir='ltr'>pro</span> <span class='ocrx_word' id='word_1_40' title='bbox 857 801 962 873; x_wconf 87' lang='lat' dir='ltr'>‘specie</span> <span class='ocrx_word' id='word_1_41' title='bbox 979 800 1101 859; x_wconf 87' lang='lat' dir='ltr'>alicuius</span> <span class='ocrx_word' id='word_1_42' title='bbox 1119 801 1171 858; x_wconf 91' lang='lat' dir='ltr'>rei’</span> <span class='ocrx_word' id='word_1_43' title='bbox 1189 799 1267 872; x_wconf 89' lang='lat' dir='ltr'>apud</span> 
     </span>
     <span class='ocr_line' id='line_1_6' title="bbox 20 884 1268 960; baseline 0.001 -19"><span class='ocrx_word' id='word_1_44' title='bbox 20 905 21 914; x_wconf 50' lang='lat'>¹</span> <span class='ocrx_word' id='word_1_45' title='bbox 91 884 216 954; x_wconf 81' lang='lat' dir='ltr'>Quintil.</span> <span class='ocrx_word' id='word_1_46' title='bbox 238 887 271 959; x_wconf 89' lang='lat'>8,</span> <span class='ocrx_word' id='word_1_47' title='bbox 293 888 311 946; x_wconf 84' lang='lat'>5</span> <span class='ocrx_word' id='word_1_48' title='bbox 340 885 416 946; x_wconf 89' lang='lat' dir='ltr'>facie</span> <span class='ocrx_word' id='word_1_49' title='bbox 440 887 551 959; x_wconf 82' lang='lat' dir='ltr'>ingenii</span> <span class='ocrx_word' id='word_1_50' title='bbox 578 917 616 928; x_wconf 90' lang='lat'>-</span> <span class='ocrx_word' id='word_1_51' title='bbox 645 891 675 944; x_wconf 92' lang='lat' dir='ltr'>ct</span> <span class='ocrx_word' id='word_1_52' title='bbox 699 886 767 947; x_wconf 87' lang='lat' dir='ltr'>Tac.</span> <span class='ocrx_word' id='word_1_53' title='bbox 793 885 862 946; x_wconf 87' lang='lat' dir='ltr'>bist.</span> <span class='ocrx_word' id='word_1_54' title='bbox 883 885 925 958; x_wconf 91' lang='lat' dir='ltr'>Il,</span> <span class='ocrx_word' id='word_1_55' title='bbox 948 886 989 945; x_wconf 84' lang='lat'>54</span> <span class='ocrx_word' id='word_1_56' title='bbox 1015 886 1127 960; x_wconf 80' lang='lat' dir='ltr'>publici</span> <span class='ocrx_word' id='word_1_57' title='bbox 1152 885 1268 944; x_wconf 92' lang='lat' dir='ltr'>consilii</span> 
     </span>
    </p>
   </div>
   <div class='ocr_carea' id='block_1_3' title="bbox 20 968 243 1028">
    <p class='ocr_par' dir='ltr' id='par_1_4' title="bbox 20 968 243 1028">
     <span class='ocr_line' id='line_1_7' title="bbox 20 968 243 1028; baseline 0.009 -2"><span class='ocrx_word' id='word_1_58' title='bbox 20 971 21 1014; x_wconf 73' lang='lat' dir='ltr'>i</span> <span class='ocrx_word' id='word_1_59' title='bbox 90 968 178 1028; x_wconf 88' lang='lat' dir='ltr'>facie.</span> <span class='ocrx_word' id='word_1_60' title='bbox 203 1005 243 1014; x_wconf 95' lang='lat'><em>-</em></span> 
     </span>
    </p>
   </div>
   <div class='ocr_carea' id='block_1_4' title="bbox 20 1057 1270 2516">
    <p class='ocr_par' dir='ltr' id='par_1_5' title="bbox 20 1057 1270 2074">
     <span class='ocr_line' id='line_1_8' title="bbox 20 1057 1267 1136; baseline -0.001 -20"><span class='ocrx_word' id='word_1_61' title='bbox 20 1123 21 1136; x_wconf 11' lang='grc' dir='ltr'>χ</span> <span class='ocrx_word' id='word_1_62' title='bbox 179 1057 400 1117; x_wconf 87' lang='lat' dir='ltr'>Substantivum</span> <span class='ocrx_word' id='word_1_63' title='bbox 427 1057 604 1130; x_wconf 77' lang='lat' dir='ltr'>ingenium,</span> <span class='ocrx_word' id='word_1_64' title='bbox 630 1058 708 1129; x_wconf 89' lang='lat' dir='ltr'>quod</span> <span class='ocrx_word' id='word_1_65' title='bbox 735 1058 810 1116; x_wconf 90' lang='lat' dir='ltr'>solet</span> <span class='ocrx_word' id='word_1_66' title='bbox 834 1059 926 1117; x_wconf 91' lang='lat' dir='ltr'>tribui</span> <span class='ocrx_word' id='word_1_67' title='bbox 952 1063 1066 1117; x_wconf 91' lang='lat' dir='ltr'>tantum</span> <span class='ocrx_word' id='word_1_68' title='bbox 1092 1057 1267 1128; x_wconf 88' lang='lat' dir='ltr'>bominibus,</span> 
     </span>
     <span class='ocr_line' id='line_1_9' title="bbox 20 1142 1267 1222; baseline 0.002 -22"><span class='ocrx_word' id='word_1_69' title='bbox 20 1153 21 1222; x_wconf 61' lang='grc'><strong>(</strong></span> <span class='ocrx_word' id='word_1_70' title='bbox 90 1143 210 1216; x_wconf 90' lang='lat' dir='ltr'>saepius</span> <span class='ocrx_word' id='word_1_71' title='bbox 233 1142 415 1202; x_wconf 85' lang='lat' dir='ltr'>transferunt</span> <span class='ocrx_word' id='word_1_72' title='bbox 437 1145 475 1202; x_wconf 92' lang='lat' dir='ltr'>ad</span> <span class='ocrx_word' id='word_1_73' title='bbox 496 1161 543 1202; x_wconf 89' lang='lat' dir='ltr'>res</span> <span class='ocrx_word' id='word_1_74' title='bbox 561 1143 717 1202; x_wconf 83' lang='lat' dir='ltr'>inanimes:</span> <span class='ocrx_word' id='word_1_75' title='bbox 741 1143 809 1204; x_wconf 88' lang='lat' dir='ltr'>Sall.</span> <span class='ocrx_word' id='word_1_76' title='bbox 826 1144 894 1202; x_wconf 89' lang='lat' dir='ltr'>hist.</span> <span class='ocrx_word' id='word_1_77' title='bbox 911 1143 950 1215; x_wconf 91' lang='grc' dir='ltr'>ΙΙ,</span> <span class='ocrx_word' id='word_1_78' title='bbox 968 1145 1007 1201; x_wconf 87' lang='lat'>41</span> <span class='ocrx_word' id='word_1_79' title='bbox 1026 1142 1094 1222; x_wconf 89' lang='grc'><strong>(50),</strong></span> <span class='ocrx_word' id='word_1_80' title='bbox 1113 1145 1130 1202; x_wconf 88' lang='lat'>9</span> <span class='ocrx_word' id='word_1_81' title='bbox 1150 1144 1267 1215; x_wconf 83' lang='lat' dir='ltr'>ingenio</span> 
     </span>
     <span class='ocr_line' id='line_1_10' title="bbox 20 1229 1269 1306; baseline 0.002 -22"><span class='ocrx_word' id='word_1_82' title='bbox 20 1289 21 1298; x_wconf 38' lang='lat'>,</span> <span class='ocrx_word' id='word_1_83' title='bbox 90 1230 236 1302; x_wconf 90' lang='lat' dir='ltr'>corporis.</span> <span class='ocrx_word' id='word_1_84' title='bbox 268 1231 319 1302; x_wconf 91' lang='grc'><strong>111,</strong></span> <span class='ocrx_word' id='word_1_85' title='bbox 339 1231 379 1289; x_wconf 90' lang='grc'>18</span> <span class='ocrx_word' id='word_1_86' title='bbox 396 1229 457 1306; x_wconf 91' lang='grc'><strong>(17)</strong></span> <span class='ocrx_word' id='word_1_87' title='bbox 473 1230 591 1301; x_wconf 81' lang='lat' dir='ltr'>ingenio</span> <span class='ocrx_word' id='word_1_88' title='bbox 609 1230 674 1288; x_wconf 91' lang='lat' dir='ltr'>loci.</span> <span class='ocrx_word' id='word_1_89' title='bbox 702 1229 770 1288; x_wconf 86' lang='lat' dir='ltr'>Tac.</span> <span class='ocrx_word' id='word_1_90' title='bbox 788 1230 855 1288; x_wconf 89' lang='lat' dir='ltr'>hist.</span> <span class='ocrx_word' id='word_1_91' title='bbox 873 1229 896 1302; x_wconf 88' lang='grc' dir='ltr'>Ι,</span> <span class='ocrx_word' id='word_1_92' title='bbox 915 1230 953 1287; x_wconf 89' lang='lat'>51</span> <span class='ocrx_word' id='word_1_93' title='bbox 973 1231 1092 1302; x_wconf 84' lang='lat' dir='ltr'>ingenio</span> <span class='ocrx_word' id='word_1_94' title='bbox 1110 1230 1168 1289; x_wconf 89' lang='lat' dir='ltr'>loci</span> <span class='ocrx_word' id='word_1_95' title='bbox 1182 1229 1269 1288; x_wconf 88' lang='lat' dir='ltr'>caeli·</span> 
     </span>
     <span class='ocr_line' id='line_1_11' title="bbox 20 1313 1269 1388; baseline 0.001 -16"><span class='ocrx_word' id='word_1_96' title='bbox 20 1313 21 1384; x_wconf 61' lang='lat' dir='ltr'>i</span> <span class='ocrx_word' id='word_1_97' title='bbox 75 1315 158 1385; x_wconf 64' lang='lat' dir='ltr'>,quel</span> <span class='ocrx_word' id='word_1_98' title='bbox 188 1314 229 1388; x_wconf 87' lang='grc' dir='ltr'>Π,</span> <span class='ocrx_word' id='word_1_99' title='bbox 252 1317 271 1372; x_wconf 88' lang='grc'><strong>4</strong></span> <span class='ocrx_word' id='word_1_100' title='bbox 295 1316 332 1374; x_wconf 94' lang='lat' dir='ltr'>ob</span> <span class='ocrx_word' id='word_1_101' title='bbox 354 1317 502 1387; x_wconf 80' lang='lat' dir='ltr'>ingenium</span> <span class='ocrx_word' id='word_1_102' title='bbox 523 1315 630 1374; x_wconf 91' lang='lat' dir='ltr'>montis</span> <span class='ocrx_word' id='word_1_103' title='bbox 652 1333 718 1374; x_wconf 86' lang='lat' dir='ltr'>ann.</span> <span class='ocrx_word' id='word_1_104' title='bbox 740 1315 789 1387; x_wconf 88' lang='lat' dir='ltr'>Vl,</span> <span class='ocrx_word' id='word_1_105' title='bbox 811 1316 850 1372; x_wconf 88' lang='lat'>41</span> <span class='ocrx_word' id='word_1_106' title='bbox 875 1317 1006 1374; x_wconf 90' lang='lat' dir='ltr'>locorum</span> <span class='ocrx_word' id='word_1_107' title='bbox 1027 1317 1153 1388; x_wconf 82' lang='lat' dir='ltr'>ingenio.</span> <span class='ocrx_word' id='word_1_108' title='bbox 1193 1316 1269 1374; x_wconf 86' lang='lat' dir='ltr'>adde</span> 
     </span>
     <span class='ocr_line' id='line_1_12' title="bbox 20 1400 1268 1476; baseline 0 -16"><span class='ocrx_word' id='word_1_109' title='bbox 20 1421 21 1460; x_wconf 77' lang='lat'>1</span> <span class='ocrx_word' id='word_1_110' title='bbox 91 1401 160 1458; x_wconf 90' lang='lat' dir='ltr'>bist.</span> <span class='ocrx_word' id='word_1_111' title='bbox 179 1400 219 1473; x_wconf 88' lang='lat' dir='ltr'>Il,</span> <span class='ocrx_word' id='word_1_112' title='bbox 239 1405 288 1461; x_wconf 88' lang='lat'>71.</span> <span class='ocrx_word' id='word_1_113' title='bbox 315 1419 380 1460; x_wconf 88' lang='lat' dir='ltr'>ann.</span> <span class='ocrx_word' id='word_1_114' title='bbox 395 1401 462 1473; x_wconf 88' lang='lat' dir='ltr'>XII,</span> <span class='ocrx_word' id='word_1_115' title='bbox 481 1403 530 1460; x_wconf 89' lang='lat'>30.</span> <span class='ocrx_word' id='word_1_116' title='bbox 556 1400 634 1472; x_wconf 85' lang='lat' dir='ltr'>XVI,</span> <span class='ocrx_word' id='word_1_117' title='bbox 653 1403 702 1460; x_wconf 83' lang='lat'>20.</span> <span class='ocrx_word' id='word_1_118' title='bbox 730 1401 844 1460; x_wconf 85' lang='lat' dir='ltr'>Similia</span> <span class='ocrx_word' id='word_1_119' title='bbox 862 1403 992 1473; x_wconf 89' lang='lat' dir='ltr'>quamvis</span> <span class='ocrx_word' id='word_1_120' title='bbox 1010 1419 1080 1463; x_wconf 90' lang='lat' dir='ltr'>raro</span> <span class='ocrx_word' id='word_1_121' title='bbox 1098 1403 1177 1476; x_wconf 88' lang='lat' dir='ltr'>apud</span> <span class='ocrx_word' id='word_1_122' title='bbox 1194 1402 1268 1461; x_wconf 91' lang='lat' dir='ltr'>alios</span> 
     </span>
     <span class='ocr_line' id='line_1_13' title="bbox 20 1487 1267 1563; baseline 0.003 -20"><span class='ocrx_word' id='word_1_123' title='bbox 20 1493 21 1560; x_wconf 56' lang='grc' dir='ltr'><strong>ἴ</strong></span> <span class='ocrx_word' id='word_1_124' title='bbox 91 1503 211 1558; x_wconf 92' lang='lat' dir='ltr'>quoque</span> <span class='ocrx_word' id='word_1_125' title='bbox 239 1488 396 1561; x_wconf 77' lang='lat' dir='ltr'>scriptores</span> <span class='ocrx_word' id='word_1_126' title='bbox 422 1488 563 1560; x_wconf 80' lang='lat' dir='ltr'>reperies:</span> <span class='ocrx_word' id='word_1_127' title='bbox 600 1487 686 1558; x_wconf 85' lang='lat' dir='ltr'>Verg.</span> <span class='ocrx_word' id='word_1_128' title='bbox 714 1489 866 1560; x_wconf 69' lang='lat' dir='ltr'>Georgo,</span> <span class='ocrx_word' id='word_1_129' title='bbox 890 1490 950 1547; x_wconf 89' lang='lat'>177</span> <span class='ocrx_word' id='word_1_130' title='bbox 978 1505 1115 1563; x_wconf 88' lang='lat' dir='ltr'>arvorum</span> <span class='ocrx_word' id='word_1_131' title='bbox 1141 1488 1267 1560; x_wconf 86' lang='lat' dir='ltr'>ingenia.</span> 
     </span>
     <span class='ocr_line' id='line_1_14' title="bbox 20 1572 1269 1646; baseline 0.002 -16"><span class='ocrx_word' id='word_1_132' title='bbox 20 1593 21 1606; x_wconf 55' lang='lat'>¹</span> <span class='ocrx_word' id='word_1_133' title='bbox 90 1572 142 1632; x_wconf 89' lang='lat' dir='ltr'>Ov.</span> <span class='ocrx_word' id='word_1_134' title='bbox 166 1573 259 1633; x_wconf 87' lang='lat' dir='ltr'>Trist.</span> <span class='ocrx_word' id='word_1_135' title='bbox 277 1575 305 1646; x_wconf 89' lang='lat'>5,</span> <span class='ocrx_word' id='word_1_136' title='bbox 325 1576 373 1645; x_wconf 88' lang='lat'>10,</span> <span class='ocrx_word' id='word_1_137' title='bbox 393 1575 432 1633; x_wconf 91' lang='lat'>18</span> <span class='ocrx_word' id='word_1_138' title='bbox 450 1574 517 1632; x_wconf 83' lang='lat' dir='ltr'>loci.</span> <span class='ocrx_word' id='word_1_139' title='bbox 555 1573 618 1632; x_wconf 88' lang='lat' dir='ltr'>Liv.</span> <span class='ocrx_word' id='word_1_140' title='bbox 638 1575 686 1645; x_wconf 89' lang='grc'>28,</span> <span class='ocrx_word' id='word_1_141' title='bbox 706 1575 745 1632; x_wconf 91' lang='grc'>12</span> <span class='ocrx_word' id='word_1_142' title='bbox 768 1575 897 1633; x_wconf 89' lang='lat' dir='ltr'>locorum</span> <span class='ocrx_word' id='word_1_143' title='bbox 919 1575 1125 1646; x_wconf 86' lang='lat' dir='ltr'>hominumque</span> <span class='ocrx_word' id='word_1_144' title='bbox 1142 1574 1269 1645; x_wconf 82' lang='lat' dir='ltr'>ingenia.</span> 
     </span>
     <span class='ocr_line' id='line_1_15' title="bbox 91 1659 1269 1732; baseline 0.002 -16"><span class='ocrx_word' id='word_1_145' title='bbox 91 1659 141 1730; x_wconf 88' lang='lat'>37,</span> <span class='ocrx_word' id='word_1_146' title='bbox 165 1659 210 1716; x_wconf 85' lang='lat'>64</span> <span class='ocrx_word' id='word_1_147' title='bbox 231 1659 380 1730; x_wconf 85' lang='lat' dir='ltr'>ingenium</span> <span class='ocrx_word' id='word_1_148' title='bbox 397 1664 503 1718; x_wconf 89' lang='lat' dir='ltr'>terrae.</span> <span class='ocrx_word' id='word_1_149' title='bbox 536 1659 609 1718; x_wconf 95' lang='lat' dir='ltr'>Plin.</span> <span class='ocrx_word' id='word_1_150' title='bbox 631 1662 679 1731; x_wconf 92' lang='grc'>17,</span> <span class='ocrx_word' id='word_1_151' title='bbox 698 1662 725 1732; x_wconf 88' lang='grc'>2,</span> <span class='ocrx_word' id='word_1_152' title='bbox 745 1662 783 1718; x_wconf 89' lang='grc'><strong>19</strong></span> <span class='ocrx_word' id='word_1_153' title='bbox 802 1661 869 1719; x_wconf 88' lang='grc'><strong>1111.</strong></span> <span class='ocrx_word' id='word_1_154' title='bbox 903 1660 1045 1719; x_wconf 90' lang='lat' dir='ltr'>Praetera</span> <span class='ocrx_word' id='word_1_155' title='bbox 1062 1660 1163 1719; x_wconf 86' lang='lat' dir='ltr'>confer</span> <span class='ocrx_word' id='word_1_156' title='bbox 1179 1661 1269 1719; x_wconf 88' lang='lat' dir='ltr'>Naev.</span> 
     </span>
     <span class='ocr_line' id='line_1_16' title="bbox 91 1745 1269 1817; baseline 0.001 -16"><span class='ocrx_word' id='word_1_157' title='bbox 91 1750 127 1802; x_wconf 87' lang='lat' dir='ltr'>tr.</span> <span class='ocrx_word' id='word_1_158' title='bbox 151 1763 179 1803; x_wconf 92' lang='lat' dir='ltr'>v.</span> <span class='ocrx_word' id='word_1_159' title='bbox 205 1747 245 1804; x_wconf 88' lang='grc'>28</span> <span class='ocrx_word' id='word_1_160' title='bbox 272 1745 389 1816; x_wconf 83' lang='lat' dir='ltr'>ingenio</span> <span class='ocrx_word' id='word_1_161' title='bbox 417 1747 538 1804; x_wconf 88' lang='lat' dir='ltr'>arbusta</span> <span class='ocrx_word' id='word_1_162' title='bbox 563 1745 615 1803; x_wconf 91' lang='lat' dir='ltr'>ubi</span> <span class='ocrx_word' id='word_1_163' title='bbox 641 1750 712 1803; x_wconf 93' lang='lat' dir='ltr'>nata</span> <span class='ocrx_word' id='word_1_164' title='bbox 738 1751 805 1804; x_wconf 90' lang='lat' dir='ltr'>sunt</span> <span class='ocrx_word' id='word_1_165' title='bbox 831 1763 890 1804; x_wconf 91' lang='lat' dir='ltr'>non</span> <span class='ocrx_word' id='word_1_166' title='bbox 917 1747 1022 1806; x_wconf 86' lang='lat' dir='ltr'>obsita.</span> <span class='ocrx_word' id='word_1_167' title='bbox 1067 1747 1134 1806; x_wconf 90' lang='lat' dir='ltr'>Sall.</span> <span class='ocrx_word' id='word_1_168' title='bbox 1156 1747 1225 1806; x_wconf 90' lang='lat' dir='ltr'>bist.</span> <span class='ocrx_word' id='word_1_169' title='bbox 1246 1747 1269 1817; x_wconf 94' lang='grc'>1,</span> 
     </span>
     <span class='ocr_line' id='line_1_17' title="bbox 92 1831 1270 1908; baseline 0.002 -21"><span class='ocrx_word' id='word_1_170' title='bbox 92 1832 130 1888; x_wconf 90' lang='grc'>61</span> <span class='ocrx_word' id='word_1_171' title='bbox 155 1831 220 1908; x_wconf 88' lang='grc'><strong>(61)</strong></span> <span class='ocrx_word' id='word_1_172' title='bbox 246 1833 320 1890; x_wconf 88' lang='lat' dir='ltr'>duas</span> <span class='ocrx_word' id='word_1_173' title='bbox 346 1832 456 1890; x_wconf 91' lang='lat' dir='ltr'>insulas</span> <span class='ocrx_word' id='word_1_174' title='bbox 484 1863 523 1874; x_wconf 89' lang='lat'>-</span> <span class='ocrx_word' id='word_1_175' title='bbox 553 1832 742 1890; x_wconf 79' lang='lat' dir='ltr'>constabat</span> <span class='ocrx_word' id='word_1_176' title='bbox 773 1837 898 1905; x_wconf 89' lang='lat' dir='ltr'>suopte</span> <span class='ocrx_word' id='word_1_177' title='bbox 929 1833 1073 1905; x_wconf 80' lang='lat' dir='ltr'>ingenio</span> <span class='ocrx_word' id='word_1_178' title='bbox 1100 1832 1270 1891; x_wconf 86' lang='lat' dir='ltr'>alimenta</span> 
     </span>
     <span class='ocr_line' id='line_1_18' title="bbox 95 1917 1269 1994; baseline 0.003 -21"><span class='ocrx_word' id='word_1_179' title='bbox 95 1917 309 1976; x_wconf 89' lang='lat' dir='ltr'>mortalibus</span> <span class='ocrx_word' id='word_1_180' title='bbox 328 1918 480 1990; x_wconf 82' lang='lat' dir='ltr'>gignere.</span> <span class='ocrx_word' id='word_1_181' title='bbox 510 1917 579 1976; x_wconf 89' lang='lat' dir='ltr'>Tae.</span> <span class='ocrx_word' id='word_1_182' title='bbox 596 1917 664 1975; x_wconf 89' lang='lat' dir='ltr'>hist.</span> <span class='ocrx_word' id='word_1_183' title='bbox 674 1917 708 1989; x_wconf 88' lang='lat' dir='ltr'>V,</span> <span class='ocrx_word' id='word_1_184' title='bbox 724 1918 764 1976; x_wconf 90' lang='lat'>14</span> <span class='ocrx_word' id='word_1_185' title='bbox 782 1917 907 1978; x_wconf 89' lang='lat' dir='ltr'>latitudo</span> <span class='ocrx_word' id='word_1_186' title='bbox 927 1934 1124 1994; x_wconf 89' lang='lat' dir='ltr'>camporum</span> <span class='ocrx_word' id='word_1_187' title='bbox 1142 1924 1269 1992; x_wconf 91' lang='lat' dir='ltr'>suopte</span> 
     </span>
     <span class='ocr_line' id='line_1_19' title="bbox 96 2002 487 2074; baseline 0.008 -16"><span class='ocrx_word' id='word_1_188' title='bbox 96 2002 243 2074; x_wconf 84' lang='lat' dir='ltr'>ingenio</span> <span class='ocrx_word' id='word_1_189' title='bbox 265 2003 487 2062; x_wconf 91' lang='lat' dir='ltr'>humentium.</span> 
     </span>
    </p>

    <p class='ocr_par' dir='ltr' id='par_1_6' title="bbox 20 2087 1269 2516">
     <span class='ocr_line' id='line_1_20' title="bbox 182 2087 1269 2163; baseline 0.002 -17"><span class='ocrx_word' id='word_1_190' title='bbox 182 2089 299 2161; x_wconf 87' lang='lat' dir='ltr'>Restat,</span> <span class='ocrx_word' id='word_1_191' title='bbox 320 2091 406 2147; x_wconf 90' lang='lat' dir='ltr'>utin</span> <span class='ocrx_word' id='word_1_192' title='bbox 428 2089 674 2163; x_wconf 88' lang='lat' dir='ltr'>comparationem</span> <span class='ocrx_word' id='word_1_193' title='bbox 695 2105 829 2147; x_wconf 87' lang='lat' dir='ltr'>vocemus</span> <span class='ocrx_word' id='word_1_194' title='bbox 851 2106 936 2148; x_wconf 90' lang='lat' dir='ltr'>usum</span> <span class='ocrx_word' id='word_1_195' title='bbox 957 2090 1113 2151; x_wconf 85' lang='lat' dir='ltr'>locutionis</span> <span class='ocrx_word' id='word_1_196' title='bbox 1134 2087 1269 2162; x_wconf 83' lang='lat' dir='ltr'>‚altitudo</span> 
     </span>
     <span class='ocr_line' id='line_1_21' title="bbox 95 2174 1268 2249; baseline 0.003 -17"><span class='ocrx_word' id='word_1_197' title='bbox 95 2174 188 2233; x_wconf 91' lang='lat' dir='ltr'>animi</span> <span class='ocrx_word' id='word_1_198' title='bbox 214 2177 261 2234; x_wconf 87' lang='lat' dir='ltr'>vel</span> <span class='ocrx_word' id='word_1_199' title='bbox 286 2174 403 2246; x_wconf 84' lang='lat' dir='ltr'>ingenii’</span> <span class='ocrx_word' id='word_1_200' title='bbox 426 2177 504 2249; x_wconf 89' lang='lat' dir='ltr'>apud</span> <span class='ocrx_word' id='word_1_201' title='bbox 525 2175 593 2234; x_wconf 88' lang='lat' dir='ltr'>Sall.</span> <span class='ocrx_word' id='word_1_202' title='bbox 615 2174 658 2246; x_wconf 84' lang='lat' dir='ltr'>Ig.</span> <span class='ocrx_word' id='word_1_203' title='bbox 681 2177 730 2247; x_wconf 87' lang='lat'>95,</span> <span class='ocrx_word' id='word_1_204' title='bbox 753 2176 771 2234; x_wconf 87' lang='lat'><strong>3</strong></span> <span class='ocrx_word' id='word_1_205' title='bbox 795 2180 825 2233; x_wconf 91' lang='lat' dir='ltr'>et</span> <span class='ocrx_word' id='word_1_206' title='bbox 846 2175 939 2234; x_wconf 88' lang='lat' dir='ltr'>Tacit.</span> <span class='ocrx_word' id='word_1_207' title='bbox 960 2176 1100 2249; x_wconf 76' lang='grc'><strong>11111111,</strong></span> <span class='ocrx_word' id='word_1_208' title='bbox 1123 2178 1171 2236; x_wconf 89' lang='lat'>36.</span> <span class='ocrx_word' id='word_1_209' title='bbox 1202 2192 1268 2236; x_wconf 92' lang='lat' dir='ltr'>ann.</span> 
     </span>
     <span class='ocr_line' id='line_1_22' title="bbox 96 2258 1269 2346; baseline 0.005 -30"><span class='ocrx_word' id='word_1_210' title='bbox 96 2260 154 2332; x_wconf 91' lang='lat' dir='ltr'>HI,</span> <span class='ocrx_word' id='word_1_211' title='bbox 183 2262 234 2319; x_wconf 90' lang='lat'>44.</span> <span class='ocrx_word' id='word_1_212' title='bbox 279 2261 380 2320; x_wconf 82' lang='lat' dir='ltr'>Cicero</span> <span class='ocrx_word' id='word_1_213' title='bbox 408 2261 510 2320; x_wconf 90' lang='lat' dir='ltr'>eodem</span> <span class='ocrx_word' id='word_1_214' title='bbox 532 2274 619 2320; x_wconf 89' lang='lat' dir='ltr'>sensu</span> <span class='ocrx_word' id='word_1_215' title='bbox 637 2261 723 2336; x_wconf 75' lang='lat' dir='ltr'>,ponit</span> <span class='ocrx_word' id='word_1_216' title='bbox 747 2261 868 2320; x_wconf 89' lang='lat' dir='ltr'>verbum</span> <span class='ocrx_word' id='word_1_217' title='bbox 890 2278 1025 2333; x_wconf 81' lang='lat' dir='ltr'>graecum</span> <span class='ocrx_word' id='word_1_218' title='bbox 1051 2258 1204 2346; x_wconf 72' lang='grc' dir='ltr'><strong><em>βαθύτης</em></strong></span> <span class='ocrx_word' id='word_1_219' title='bbox 1230 2265 1269 2322; x_wconf 92' lang='lat' dir='ltr'>ad</span> 
     </span>
     <span class='ocr_line' id='line_1_23' title="bbox 20 2346 1268 2426; baseline -0.003 -16"><span class='ocrx_word' id='word_1_220' title='bbox 20 2385 21 2410; x_wconf 82' lang='lat' dir='ltr'>l</span> <span class='ocrx_word' id='word_1_221' title='bbox 95 2346 157 2406; x_wconf 88' lang='lat' dir='ltr'>Att.</span> <span class='ocrx_word' id='word_1_222' title='bbox 181 2349 212 2419; x_wconf 88' lang='grc'>4,</span> <span class='ocrx_word' id='word_1_223' title='bbox 235 2348 263 2418; x_wconf 92' lang='grc'>6,</span> <span class='ocrx_word' id='word_1_224' title='bbox 286 2349 314 2406; x_wconf 89' lang='lat'>3.</span> <span class='ocrx_word' id='word_1_225' title='bbox 350 2349 378 2420; x_wconf 82' lang='lat'>5,</span> <span class='ocrx_word' id='word_1_226' title='bbox 401 2350 450 2418; x_wconf 89' lang='lat'>10,</span> <span class='ocrx_word' id='word_1_227' title='bbox 473 2349 501 2406; x_wconf 93' lang='lat'>3.</span> <span class='ocrx_word' id='word_1_228' title='bbox 540 2347 640 2419; x_wconf 87' lang='lat' dir='ltr'>Neque</span> <span class='ocrx_word' id='word_1_229' title='bbox 662 2347 712 2406; x_wconf 93' lang='lat' dir='ltr'>ubi</span> <span class='ocrx_word' id='word_1_230' title='bbox 734 2353 857 2422; x_wconf 86' lang='lat' dir='ltr'>usurpat</span> <span class='ocrx_word' id='word_1_231' title='bbox 879 2349 1011 2407; x_wconf 86' lang='lat' dir='ltr'>‘altitudo</span> <span class='ocrx_word' id='word_1_232' title='bbox 1034 2348 1132 2407; x_wconf 89' lang='lat' dir='ltr'>animi&#39;</span> <span class='ocrx_word' id='word_1_233' title='bbox 1152 2347 1200 2426; x_wconf 85' lang='lat' dir='ltr'>(de</span> <span class='ocrx_word' id='word_1_234' title='bbox 1222 2347 1268 2407; x_wconf 89' lang='lat' dir='ltr'>off.</span> 
     </span>
     <span class='ocr_line' id='line_1_24' title="bbox 95 2431 1269 2516; baseline 0.002 -24"><span class='ocrx_word' id='word_1_235' title='bbox 95 2431 180 2492; x_wconf 82' lang='lat' dir='ltr'>L88</span> <span class='ocrx_word' id='word_1_236' title='bbox 204 2433 330 2493; x_wconf 89' lang='lat' dir='ltr'>altitudo</span> <span class='ocrx_word' id='word_1_237' title='bbox 353 2434 455 2505; x_wconf 88' lang='lat' dir='ltr'>animi,</span> <span class='ocrx_word' id='word_1_238' title='bbox 483 2450 569 2505; x_wconf 90' lang='lat' dir='ltr'>quae</span> <span class='ocrx_word' id='word_1_239' title='bbox 592 2432 745 2516; x_wconf 80' lang='grc'><strong>11111111),</strong></span> <span class='ocrx_word' id='word_1_240' title='bbox 777 2451 839 2493; x_wconf 86' lang='lat' dir='ltr'>eam</span> <span class='ocrx_word' id='word_1_241' title='bbox 862 2435 1037 2494; x_wconf 91' lang='lat' dir='ltr'>locutionem</span> <span class='ocrx_word' id='word_1_242' title='bbox 1060 2453 1118 2494; x_wconf 93' lang='lat' dir='ltr'>non</span> <span class='ocrx_word' id='word_1_243' title='bbox 1141 2440 1269 2494; x_wconf 86' lang='lat' dir='ltr'>excusat.</span> 
     </span>
    </p>
   </div>
   <div class='ocr_carea' id='block_1_5' title="bbox 549 2605 818 2701">
    <p class='ocr_par' dir='ltr' id='par_1_7' title="bbox 549 2605 818 2701">
     <span class='ocr_line' id='line_1_25' title="bbox 549 2605 818 2701; baseline 0 -1"><span class='ocrx_word' id='word_1_244' title='bbox 549 2633 583 2700; x_wconf 80' lang='grc'><strong>6.</strong></span> <span class='ocrx_word' id='word_1_245' title='bbox 616 2635 666 2700; x_wconf 82' lang='lat' dir='ltr'>lle</span> <span class='ocrx_word' id='word_1_246' title='bbox 688 2605 818 2701; x_wconf 83' lang='lat' dir='ltr'>verbis.</span> 
     </span>
    </p>
   </div>
   <div class='ocr_carea' id='block_1_6' title="bbox 20 2775 1270 4480">
    <p class='ocr_par' dir='ltr' id='par_1_8' title="bbox 20 2775 1270 3878">
     <span class='ocr_line' id='line_1_26' title="bbox 184 2775 1269 2848; baseline 0.003 -15"><span class='ocrx_word' id='word_1_247' title='bbox 184 2775 228 2834; x_wconf 87' lang='lat' dir='ltr'>Ac</span> <span class='ocrx_word' id='word_1_248' title='bbox 249 2775 374 2848; x_wconf 87' lang='lat' dir='ltr'>primum</span> <span class='ocrx_word' id='word_1_249' title='bbox 396 2776 467 2834; x_wconf 92' lang='lat' dir='ltr'>mihi</span> <span class='ocrx_word' id='word_1_250' title='bbox 488 2776 605 2836; x_wconf 87' lang='lat' dir='ltr'>videtur</span> <span class='ocrx_word' id='word_1_251' title='bbox 626 2793 691 2834; x_wconf 90' lang='lat' dir='ltr'>esse</span> <span class='ocrx_word' id='word_1_252' title='bbox 712 2777 742 2835; x_wconf 87' lang='lat' dir='ltr'>id</span> <span class='ocrx_word' id='word_1_253' title='bbox 763 2777 960 2848; x_wconf 90' lang='lat' dir='ltr'>memorabile,</span> <span class='ocrx_word' id='word_1_254' title='bbox 983 2779 1061 2848; x_wconf 88' lang='lat' dir='ltr'>quod</span> <span class='ocrx_word' id='word_1_255' title='bbox 1077 2794 1148 2836; x_wconf 90' lang='lat' dir='ltr'>usus</span> <span class='ocrx_word' id='word_1_256' title='bbox 1165 2777 1269 2837; x_wconf 85' lang='lat' dir='ltr'>verbo-</span> 
     </span>
     <span class='ocr_line' id='line_1_27' title="bbox 98 2862 1270 2936; baseline 0.003 -18"><span class='ocrx_word' id='word_1_257' title='bbox 98 2878 162 2919; x_wconf 92' lang='lat' dir='ltr'>rum</span> <span class='ocrx_word' id='word_1_258' title='bbox 190 2863 295 2933; x_wconf 83' lang='lat' dir='ltr'>‘agere’</span> <span class='ocrx_word' id='word_1_259' title='bbox 326 2867 355 2919; x_wconf 92' lang='lat' dir='ltr'>et</span> <span class='ocrx_word' id='word_1_260' title='bbox 381 2862 511 2933; x_wconf 85' lang='lat' dir='ltr'>‘agitare&#39;</span> <span class='ocrx_word' id='word_1_261' title='bbox 541 2863 693 2922; x_wconf 90' lang='lat' dir='ltr'>absolutus</span> <span class='ocrx_word' id='word_1_262' title='bbox 719 2880 773 2936; x_wconf 90' lang='lat' dir='ltr'>pro</span> <span class='ocrx_word' id='word_1_263' title='bbox 801 2865 881 2922; x_wconf 87' lang='lat' dir='ltr'>‘csse’</span> <span class='ocrx_word' id='word_1_264' title='bbox 908 2864 1036 2923; x_wconf 87' lang='lat' dir='ltr'>‘versari’</span> <span class='ocrx_word' id='word_1_265' title='bbox 1062 2866 1134 2923; x_wconf 86' lang='lat' dir='ltr'>‘sese</span> <span class='ocrx_word' id='word_1_266' title='bbox 1160 2865 1270 2934; x_wconf 83' lang='lat' dir='ltr'>gerere’</span> 
     </span>
     <span class='ocr_line' id='line_1_28' title="bbox 98 2947 1269 3022; baseline 0.002 -16"><span class='ocrx_word' id='word_1_267' title='bbox 98 2947 214 3006; x_wconf 89' lang='lat' dir='ltr'>‘vivere’</span> <span class='ocrx_word' id='word_1_268' title='bbox 244 2963 386 3019; x_wconf 87' lang='lat' dir='ltr'>nusquam</span> <span class='ocrx_word' id='word_1_269' title='bbox 417 2948 504 3006; x_wconf 88' lang='lat' dir='ltr'>latius</span> <span class='ocrx_word' id='word_1_270' title='bbox 534 2953 616 3020; x_wconf 87' lang='lat' dir='ltr'>patet</span> <span class='ocrx_word' id='word_1_271' title='bbox 646 2964 732 3019; x_wconf 91' lang='lat' dir='ltr'>quam</span> <span class='ocrx_word' id='word_1_272' title='bbox 764 2950 841 3022; x_wconf 87' lang='lat' dir='ltr'>apud</span> <span class='ocrx_word' id='word_1_273' title='bbox 872 2949 1040 3008; x_wconf 86' lang='lat' dir='ltr'>Sallustium</span> <span class='ocrx_word' id='word_1_274' title='bbox 1071 2955 1100 3008; x_wconf 90' lang='lat' dir='ltr'>et</span> <span class='ocrx_word' id='word_1_275' title='bbox 1126 2949 1269 3008; x_wconf 85' lang='lat' dir='ltr'>Tacitum.</span> 
     </span>
     <span class='ocr_line' id='line_1_29' title="bbox 97 3031 1269 3109; baseline 0.002 -18"><span class='ocrx_word' id='word_1_276' title='bbox 97 3034 177 3104; x_wconf 78' lang='lat' dir='ltr'>Quae</span> <span class='ocrx_word' id='word_1_277' title='bbox 199 3035 356 3093; x_wconf 87' lang='lat' dir='ltr'>verborum</span> <span class='ocrx_word' id='word_1_278' title='bbox 378 3031 554 3104; x_wconf 84' lang='lat' dir='ltr'>significatio</span> <span class='ocrx_word' id='word_1_279' title='bbox 577 3051 750 3106; x_wconf 84' lang='lat' dir='ltr'>quamquam</span> <span class='ocrx_word' id='word_1_280' title='bbox 772 3035 839 3093; x_wconf 92' lang='lat' dir='ltr'>aliis</span> <span class='ocrx_word' id='word_1_281' title='bbox 862 3052 976 3108; x_wconf 91' lang='lat' dir='ltr'>quoque</span> <span class='ocrx_word' id='word_1_282' title='bbox 999 3035 1192 3109; x_wconf 87' lang='lat' dir='ltr'>scriptoribus</span> <span class='ocrx_word' id='word_1_283' title='bbox 1210 3053 1269 3094; x_wconf 92' lang='lat' dir='ltr'>non</span> 
     </span>
     <span class='ocr_line' id='line_1_30' title="bbox 96 3118 1268 3193; baseline 0.003 -18"><span class='ocrx_word' id='word_1_284' title='bbox 96 3118 264 3193; x_wconf 87' lang='lat' dir='ltr'>improbata</span> <span class='ocrx_word' id='word_1_285' title='bbox 290 3125 346 3192; x_wconf 91' lang='lat' dir='ltr'>est,</span> <span class='ocrx_word' id='word_1_286' title='bbox 376 3125 476 3180; x_wconf 90' lang='lat' dir='ltr'>tamen</span> <span class='ocrx_word' id='word_1_287' title='bbox 502 3121 605 3179; x_wconf 86' lang='lat' dir='ltr'>crebro</span> <span class='ocrx_word' id='word_1_288' title='bbox 632 3121 663 3179; x_wconf 95' lang='lat' dir='ltr'>in</span> <span class='ocrx_word' id='word_1_289' title='bbox 689 3138 744 3179; x_wconf 92' lang='lat' dir='ltr'>usu</span> <span class='ocrx_word' id='word_1_290' title='bbox 770 3121 1006 3193; x_wconf 90' lang='lat' dir='ltr'>locutionumque</span> <span class='ocrx_word' id='word_1_291' title='bbox 1033 3122 1211 3192; x_wconf 80' lang='lat' dir='ltr'>singularum</span> <span class='ocrx_word' id='word_1_292' title='bbox 1237 3121 1268 3179; x_wconf 92' lang='lat' dir='ltr'>in</span> 
     </span>
     <span class='ocr_line' id='line_1_31' title="bbox 95 3205 1269 3280; baseline 0.005 -20"><span class='ocrx_word' id='word_1_293' title='bbox 95 3205 287 3264; x_wconf 87' lang='lat' dir='ltr'>similitudine</span> <span class='ocrx_word' id='word_1_294' title='bbox 318 3206 458 3279; x_wconf 88' lang='lat' dir='ltr'>cernitur,</span> <span class='ocrx_word' id='word_1_295' title='bbox 490 3212 598 3277; x_wconf 87' lang='lat' dir='ltr'>quanto</span> <span class='ocrx_word' id='word_1_296' title='bbox 626 3223 714 3280; x_wconf 91' lang='lat' dir='ltr'>opere</span> <span class='ocrx_word' id='word_1_297' title='bbox 741 3206 872 3266; x_wconf 88' lang='lat' dir='ltr'>Sallustii</span> <span class='ocrx_word' id='word_1_298' title='bbox 898 3207 1023 3266; x_wconf 89' lang='lat' dir='ltr'>elocutio</span> <span class='ocrx_word' id='word_1_299' title='bbox 1050 3208 1153 3266; x_wconf 87' lang='lat' dir='ltr'>Tacito</span> <span class='ocrx_word' id='word_1_300' title='bbox 1179 3207 1269 3266; x_wconf 87' lang='lat' dir='ltr'>fuerit</span> 
     </span>
     <span class='ocr_line' id='line_1_32' title="bbox 95 3291 1267 3365; baseline 0.005 -18"><span class='ocrx_word' id='word_1_301' title='bbox 95 3297 223 3365; x_wconf 90' lang='lat' dir='ltr'>accepta.</span> <span class='ocrx_word' id='word_1_302' title='bbox 254 3291 441 3364; x_wconf 83' lang='lat' dir='ltr'>Coniungunt</span> <span class='ocrx_word' id='word_1_303' title='bbox 457 3293 529 3350; x_wconf 90' lang='lat' dir='ltr'>baec</span> <span class='ocrx_word' id='word_1_304' title='bbox 546 3293 636 3352; x_wconf 83' lang='lat' dir='ltr'>verba</span> <span class='ocrx_word' id='word_1_305' title='bbox 654 3299 686 3362; x_wconf 85' lang='lat' dir='ltr'>a)</span> <span class='ocrx_word' id='word_1_306' title='bbox 704 3309 768 3350; x_wconf 92' lang='lat' dir='ltr'>eum</span> <span class='ocrx_word' id='word_1_307' title='bbox 787 3294 977 3354; x_wconf 90' lang='lat' dir='ltr'>adverbiis.</span> <span class='ocrx_word' id='word_1_308' title='bbox 1013 3294 1080 3354; x_wconf 85' lang='lat' dir='ltr'>Sall.</span> <span class='ocrx_word' id='word_1_309' title='bbox 1099 3293 1161 3352; x_wconf 82' lang='lat' dir='ltr'>Oa&#39;t.</span> <span class='ocrx_word' id='word_1_310' title='bbox 1181 3294 1230 3365; x_wconf 81' lang='lat'>23,</span> <span class='ocrx_word' id='word_1_311' title='bbox 1249 3296 1267 3353; x_wconf 91' lang='lat'>3</span> 
     </span>
     <span class='ocr_line' id='line_1_33' title="bbox 20 3374 1268 3453; baseline 0.002 -20"><span class='ocrx_word' id='word_1_312' title='bbox 20 3415 21 3424; x_wconf 65' lang='lat'>.</span> <span class='ocrx_word' id='word_1_313' title='bbox 95 3374 222 3437; x_wconf 84' lang='lat' dir='ltr'>ferocius</span> <span class='ocrx_word' id='word_1_314' title='bbox 245 3379 366 3449; x_wconf 82' lang='lat' dir='ltr'>agitare.</span> <span class='ocrx_word' id='word_1_315' title='bbox 410 3377 453 3449; x_wconf 81' lang='lat' dir='ltr'>Ig.</span> <span class='ocrx_word' id='word_1_316' title='bbox 479 3380 527 3449; x_wconf 93' lang='grc'>19,</span> <span class='ocrx_word' id='word_1_317' title='bbox 550 3380 568 3437; x_wconf 91' lang='grc'><strong>5</strong></span> <span class='ocrx_word' id='word_1_318' title='bbox 592 3379 731 3438; x_wconf 85' lang='lat' dir='ltr'>Gaetulos</span> <span class='ocrx_word' id='word_1_319' title='bbox 753 3379 860 3453; x_wconf 86' lang='lat' dir='ltr'>partim</span> <span class='ocrx_word' id='word_1_320' title='bbox 883 3379 914 3436; x_wconf 93' lang='lat' dir='ltr'>in</span> <span class='ocrx_word' id='word_1_321' title='bbox 936 3379 1062 3452; x_wconf 83' lang='lat' dir='ltr'>tuguriis</span> <span class='ocrx_word' id='word_1_322' title='bbox 1085 3379 1158 3437; x_wconf 88' lang='lat' dir='ltr'>alias</span> <span class='ocrx_word' id='word_1_323' title='bbox 1177 3380 1268 3437; x_wconf 93' lang='lat' dir='ltr'>incul-</span> 
     </span>
     <span class='ocr_line' id='line_1_34' title="bbox 95 3459 1268 3539; baseline 0.003 -21"><span class='ocrx_word' id='word_1_324' title='bbox 95 3462 153 3522; x_wconf 85' lang='lat' dir='ltr'>tius</span> <span class='ocrx_word' id='word_1_325' title='bbox 175 3479 266 3536; x_wconf 81' lang='lat' dir='ltr'>vagos</span> <span class='ocrx_word' id='word_1_326' title='bbox 289 3463 411 3536; x_wconf 84' lang='lat' dir='ltr'>agitare.</span> <span class='ocrx_word' id='word_1_327' title='bbox 445 3463 489 3534; x_wconf 80' lang='lat' dir='ltr'>Ig.</span> <span class='ocrx_word' id='word_1_328' title='bbox 511 3465 562 3535; x_wconf 88' lang='lat'>89,</span> <span class='ocrx_word' id='word_1_329' title='bbox 581 3459 598 3523; x_wconf 92' lang='grc'><strong>7</strong></span> <span class='ocrx_word' id='word_1_330' title='bbox 617 3463 726 3537; x_wconf 86' lang='lat' dir='ltr'>Africa,</span> <span class='ocrx_word' id='word_1_331' title='bbox 746 3481 820 3536; x_wconf 91' lang='lat' dir='ltr'>quae</span> <span class='ocrx_word' id='word_1_332' title='bbox 836 3466 939 3539; x_wconf 89' lang='lat' dir='ltr'>procul</span> <span class='ocrx_word' id='word_1_333' title='bbox 956 3466 1031 3524; x_wconf 89' lang='lat' dir='ltr'>mari</span> <span class='ocrx_word' id='word_1_334' title='bbox 1045 3465 1181 3523; x_wconf 87' lang='lat' dir='ltr'>incultius</span> <span class='ocrx_word' id='word_1_335' title='bbox 1200 3481 1268 3536; x_wconf 85' lang='lat' dir='ltr'>age-</span> 
     </span>
     <span class='ocr_line' id='line_1_35' title="bbox 97 3547 1267 3628; baseline 0.004 -23"><span class='ocrx_word' id='word_1_336' title='bbox 97 3547 155 3608; x_wconf 85' lang='lat' dir='ltr'>bat.</span> <span class='ocrx_word' id='word_1_337' title='bbox 192 3548 336 3608; x_wconf 80' lang='lat' dir='ltr'>nist-111.</span> <span class='ocrx_word' id='word_1_338' title='bbox 355 3552 393 3610; x_wconf 92' lang='lat'>61</span> <span class='ocrx_word' id='word_1_339' title='bbox 413 3547 517 3628; x_wconf 85' lang='lat'>(82),3</span> <span class='ocrx_word' id='word_1_340' title='bbox 541 3549 642 3610; x_wconf 90' lang='lat' dir='ltr'>tutius.</span> <span class='ocrx_word' id='word_1_341' title='bbox 677 3550 745 3610; x_wconf 91' lang='lat' dir='ltr'>Tac.</span> <span class='ocrx_word' id='word_1_342' title='bbox 767 3550 876 3623; x_wconf 83' lang='grc'><strong>111111,</strong></span> <span class='ocrx_word' id='word_1_343' title='bbox 896 3553 914 3611; x_wconf 91' lang='grc'><strong>9</strong></span> <span class='ocrx_word' id='word_1_344' title='bbox 938 3551 1128 3611; x_wconf 90' lang='lat' dir='ltr'>innocentius.</span> <span class='ocrx_word' id='word_1_345' title='bbox 1164 3550 1203 3622; x_wconf 89' lang='grc' dir='ltr'>Π,</span> <span class='ocrx_word' id='word_1_346' title='bbox 1228 3553 1267 3610; x_wconf 87' lang='grc'>15</span> 
     </span>
     <span class='ocr_line' id='line_1_36' title="bbox 20 3633 1267 3710; baseline 0.004 -20"><span class='ocrx_word' id='word_1_347' title='bbox 20 3655 21 3684; x_wconf 59' lang='lat' dir='ltr'>i</span> <span class='ocrx_word' id='word_1_348' title='bbox 97 3635 258 3694; x_wconf 88' lang='lat' dir='ltr'>socordius.</span> <span class='ocrx_word' id='word_1_349' title='bbox 289 3633 345 3707; x_wconf 91' lang='lat' dir='ltr'>III,</span> <span class='ocrx_word' id='word_1_350' title='bbox 364 3639 383 3694; x_wconf 89' lang='grc'><strong>2</strong></span> <span class='ocrx_word' id='word_1_351' title='bbox 401 3634 538 3695; x_wconf 90' lang='lat' dir='ltr'>ferocius.</span> <span class='ocrx_word' id='word_1_352' title='bbox 575 3637 613 3695; x_wconf 85' lang='lat'>35</span> <span class='ocrx_word' id='word_1_353' title='bbox 633 3637 778 3708; x_wconf 84' lang='lat' dir='ltr'>ambigue.</span> <span class='ocrx_word' id='word_1_354' title='bbox 814 3641 852 3696; x_wconf 95' lang='grc'>77</span> <span class='ocrx_word' id='word_1_355' title='bbox 872 3639 997 3710; x_wconf 92' lang='lat' dir='ltr'>superbe</span> <span class='ocrx_word' id='word_1_356' title='bbox 1015 3651 1165 3708; x_wconf 90' lang='lat' dir='ltr'>saeveque.</span> <span class='ocrx_word' id='word_1_357' title='bbox 1201 3653 1267 3696; x_wconf 86' lang='grc'><strong>111.</strong></span> 
     </span>
     <span class='ocr_line' id='line_1_37' title="bbox 20 3716 1267 3794; baseline 0.002 -16"><span class='ocrx_word' id='word_1_358' title='bbox 20 3725 21 3728; x_wconf 76' lang='grc'>’</span> <span class='ocrx_word' id='word_1_359' title='bbox 96 3716 146 3791; x_wconf 88' lang='lat' dir='ltr'>IV,</span> <span class='ocrx_word' id='word_1_360' title='bbox 167 3722 219 3780; x_wconf 87' lang='lat'>46.</span> <span class='ocrx_word' id='word_1_361' title='bbox 257 3721 432 3793; x_wconf 85' lang='lat' dir='ltr'>Thraecum,</span> <span class='ocrx_word' id='word_1_362' title='bbox 463 3722 513 3794; x_wconf 92' lang='lat' dir='ltr'>qui</span> <span class='ocrx_word' id='word_1_363' title='bbox 543 3723 685 3783; x_wconf 87' lang='lat' dir='ltr'>montium</span> <span class='ocrx_word' id='word_1_364' title='bbox 712 3723 799 3782; x_wconf 87' lang='lat' dir='ltr'>editis</span> <span class='ocrx_word' id='word_1_365' title='bbox 826 3724 938 3782; x_wconf 89' lang='lat' dir='ltr'>incultu</span> <span class='ocrx_word' id='word_1_366' title='bbox 964 3728 1052 3794; x_wconf 90' lang='lat' dir='ltr'>atque</span> <span class='ocrx_word' id='word_1_367' title='bbox 1079 3739 1113 3781; x_wconf 92' lang='lat' dir='ltr'>eo</span> <span class='ocrx_word' id='word_1_368' title='bbox 1141 3721 1267 3782; x_wconf 87' lang='lat' dir='ltr'>ferocius</span> 
     </span>
     <span class='ocr_line' id='line_1_38' title="bbox 97 3806 535 3878; baseline 0.005 -16"><span class='ocrx_word' id='word_1_369' title='bbox 97 3806 257 3878; x_wconf 85' lang='lat' dir='ltr'>agitabant.</span> <span class='ocrx_word' id='word_1_370' title='bbox 531 3813 535 3820; x_wconf 85' lang='lat'>&#39;</span> 
     </span>
    </p>

    <p class='ocr_par' dir='ltr' id='par_1_9' title="bbox 98 3891 1269 4480">
     <span class='ocr_line' id='line_1_39' title="bbox 181 3891 1269 3972; baseline -0.001 -18"><span class='ocrx_word' id='word_1_371' title='bbox 181 3891 215 3963; x_wconf 87' lang='lat' dir='ltr'>b)</span> <span class='ocrx_word' id='word_1_372' title='bbox 237 3909 301 3951; x_wconf 89' lang='lat' dir='ltr'>cum</span> <span class='ocrx_word' id='word_1_373' title='bbox 324 3893 447 3952; x_wconf 88' lang='lat' dir='ltr'>ablat.</span> <span class='ocrx_word' id='word_1_374' title='bbox 483 3893 550 3952; x_wconf 86' lang='lat' dir='ltr'>Sall.</span> <span class='ocrx_word' id='word_1_375' title='bbox 572 3895 639 3953; x_wconf 91' lang='lat' dir='ltr'>bist.</span> <span class='ocrx_word' id='word_1_376' title='bbox 658 3893 681 3953; x_wconf 92' lang='lat' dir='ltr'>I.</span> <span class='ocrx_word' id='word_1_377' title='bbox 700 3897 717 3952; x_wconf 94' lang='grc'><strong>9</strong></span> <span class='ocrx_word' id='word_1_378' title='bbox 736 3894 797 3972; x_wconf 91' lang='grc'><strong>(10)</strong></span> <span class='ocrx_word' id='word_1_379' title='bbox 824 3893 1000 3967; x_wconf 86' lang='lat' dir='ltr'>optumis</span> <span class='ocrx_word' id='word_1_380' title='bbox 1027 3894 1208 3954; x_wconf 87' lang='lat' dir='ltr'>moribus</span> <span class='ocrx_word' id='word_1_381' title='bbox 1231 3900 1269 3953; x_wconf 92' lang='lat' dir='ltr'>et</span> 
     </span>
     <span class='ocr_line' id='line_1_40' title="bbox 98 3973 1267 4056; baseline 0.002 -20"><span class='ocrx_word' id='word_1_382' title='bbox 98 3993 253 4038; x_wconf 84' lang='lat' dir='ltr'>maxuma</span> <span class='ocrx_word' id='word_1_383' title='bbox 271 3979 463 4038; x_wconf 86' lang='lat' dir='ltr'>concordia</span> <span class='ocrx_word' id='word_1_384' title='bbox 481 3980 555 4052; x_wconf 83' lang='lat' dir='ltr'>egit</span> <span class='ocrx_word' id='word_1_385' title='bbox 573 3973 697 4053; x_wconf 81' lang='lat' dir='ltr'>poprssus</span> <span class='ocrx_word' id='word_1_386' title='bbox 711 3979 868 4040; x_wconf 83' lang='lat' dir='ltr'>Romanus.</span> <span class='ocrx_word' id='word_1_387' title='bbox 899 3980 966 4038; x_wconf 86' lang='lat' dir='ltr'>hist.</span> <span class='ocrx_word' id='word_1_388' title='bbox 985 3978 1008 4038; x_wconf 96' lang='lat' dir='ltr'>I.</span> <span class='ocrx_word' id='word_1_389' title='bbox 1024 3981 1063 4039; x_wconf 87' lang='grc'>23</span> <span class='ocrx_word' id='word_1_390' title='bbox 1077 3978 1138 4056; x_wconf 87' lang='grc'><strong>(27)</strong></span> <span class='ocrx_word' id='word_1_391' title='bbox 1160 3997 1267 4052; x_wconf 88' lang='lat' dir='ltr'>quan-</span> 
     </span>
     <span class='ocr_line' id='line_1_41' title="bbox 99 4064 1268 4138; baseline 0.004 -19"><span class='ocrx_word' id='word_1_392' title='bbox 99 4064 143 4123; x_wconf 89' lang='lat' dir='ltr'>tis</span> <span class='ocrx_word' id='word_1_393' title='bbox 166 4064 407 4125; x_wconf 88' lang='lat' dir='ltr'>familiaribus</span> <span class='ocrx_word' id='word_1_394' title='bbox 430 4065 544 4138; x_wconf 90' lang='lat' dir='ltr'>copiis</span> <span class='ocrx_word' id='word_1_395' title='bbox 566 4072 723 4137; x_wconf 82' lang='lat' dir='ltr'>agerent.</span> <span class='ocrx_word' id='word_1_396' title='bbox 757 4067 826 4126; x_wconf 85' lang='lat' dir='ltr'>Tac.</span> <span class='ocrx_word' id='word_1_397' title='bbox 848 4067 916 4124; x_wconf 82' lang='lat' dir='ltr'>hist.</span> <span class='ocrx_word' id='word_1_398' title='bbox 933 4066 957 4138; x_wconf 91' lang='lat' dir='ltr'>I,</span> <span class='ocrx_word' id='word_1_399' title='bbox 975 4067 1016 4124; x_wconf 93' lang='lat'>48</span> <span class='ocrx_word' id='word_1_400' title='bbox 1034 4065 1145 4124; x_wconf 87' lang='lat' dir='ltr'>variis</span> <span class='ocrx_word' id='word_1_401' title='bbox 1164 4067 1268 4124; x_wconf 93' lang='lat' dir='ltr'>mori-</span> 
     </span>
     <span class='ocr_line' id='line_1_42' title="bbox 98 4145 1268 4229; baseline 0.003 -23"><span class='ocrx_word' id='word_1_402' title='bbox 98 4149 161 4209; x_wconf 86' lang='lat' dir='ltr'>bus</span> <span class='ocrx_word' id='word_1_403' title='bbox 189 4151 270 4221; x_wconf 82' lang='lat' dir='ltr'>egit.</span> <span class='ocrx_word' id='word_1_404' title='bbox 308 4151 347 4223; x_wconf 93' lang='grc' dir='ltr'>ΙΙ,</span> <span class='ocrx_word' id='word_1_405' title='bbox 371 4153 419 4211; x_wconf 92' lang='grc'><strong>58.</strong></span> <span class='ocrx_word' id='word_1_406' title='bbox 458 4151 600 4210; x_wconf 87' lang='lat' dir='ltr'>Lucceius</span> <span class='ocrx_word' id='word_1_407' title='bbox 626 4152 751 4211; x_wconf 87' lang='lat' dir='ltr'>Albinus</span> <span class='ocrx_word' id='word_1_408' title='bbox 777 4153 869 4211; x_wconf 89' lang='lat' dir='ltr'>haud</span> <span class='ocrx_word' id='word_1_409' title='bbox 896 4145 1103 4229; x_wconf 83' lang='lat' dir='ltr'>spernendis</span> <span class='ocrx_word' id='word_1_410' title='bbox 1129 4151 1268 4211; x_wconf 89' lang='lat' dir='ltr'>viribus</span> 
     </span>
     <span class='ocr_line' id='line_1_43' title="bbox 100 4237 1267 4311; baseline 0.007 -19"><span class='ocrx_word' id='word_1_411' title='bbox 100 4237 234 4306; x_wconf 81' lang='lat' dir='ltr'>agebat.</span> <span class='ocrx_word' id='word_1_412' title='bbox 269 4253 334 4294; x_wconf 90' lang='lat' dir='ltr'>ann.</span> <span class='ocrx_word' id='word_1_413' title='bbox 357 4237 397 4309; x_wconf 88' lang='lat' dir='ltr'>H,</span> <span class='ocrx_word' id='word_1_414' title='bbox 420 4239 459 4298; x_wconf 87' lang='lat'>64</span> <span class='ocrx_word' id='word_1_415' title='bbox 483 4237 606 4296; x_wconf 92' lang='lat' dir='ltr'>subdola</span> <span class='ocrx_word' id='word_1_416' title='bbox 629 4239 821 4296; x_wconf 87' lang='lat' dir='ltr'>concordia</span> <span class='ocrx_word' id='word_1_417' title='bbox 842 4255 954 4311; x_wconf 85' lang='lat' dir='ltr'>agere.</span> <span class='ocrx_word' id='word_1_418' title='bbox 989 4237 1039 4309; x_wconf 84' lang='lat' dir='ltr'>VI,</span> <span class='ocrx_word' id='word_1_419' title='bbox 1058 4240 1097 4297; x_wconf 91' lang='grc'>27</span> <span class='ocrx_word' id='word_1_420' title='bbox 1121 4238 1267 4310; x_wconf 86' lang='lat' dir='ltr'>corruptis</span> 
     </span>
     <span class='ocr_line' id='line_1_44' title="bbox 100 4322 1267 4400; baseline 0.002 -20"><span class='ocrx_word' id='word_1_421' title='bbox 100 4322 267 4393; x_wconf 87' lang='lat' dir='ltr'>moribus,</span> <span class='ocrx_word' id='word_1_422' title='bbox 293 4323 409 4400; x_wconf 87' lang='lat' dir='ltr'>inlustri</span> <span class='ocrx_word' id='word_1_423' title='bbox 434 4328 532 4382; x_wconf 87' lang='lat' dir='ltr'>tamen</span> <span class='ocrx_word' id='word_1_424' title='bbox 558 4322 679 4383; x_wconf 87' lang='lat' dir='ltr'>familia</span> <span class='ocrx_word' id='word_1_425' title='bbox 713 4324 789 4384; x_wconf 85' lang='lat' dir='ltr'>adde</span> <span class='ocrx_word' id='word_1_426' title='bbox 814 4323 875 4384; x_wconf 90' lang='lat' dir='ltr'>hist</span> <span class='ocrx_word' id='word_1_427' title='bbox 896 4323 936 4395; x_wconf 91' lang='lat' dir='ltr'>H,</span> <span class='ocrx_word' id='word_1_428' title='bbox 959 4325 1008 4383; x_wconf 91' lang='grc'><strong>77.</strong></span> <span class='ocrx_word' id='word_1_429' title='bbox 1038 4322 1094 4394; x_wconf 82' lang='lat' dir='ltr'>IH,</span> <span class='ocrx_word' id='word_1_430' title='bbox 1116 4324 1166 4382; x_wconf 91' lang='lat'>49.</span> <span class='ocrx_word' id='word_1_431' title='bbox 1201 4341 1267 4383; x_wconf 89' lang='lat' dir='ltr'>ann.</span> 
     </span>
     <span class='ocr_line' id='line_1_45' title="bbox 99 4403 669 4480; baseline 0 -12"><span class='ocrx_word' id='word_1_432' title='bbox 99 4403 137 4478; x_wconf 87' lang='grc' dir='ltr'>Π,</span> <span class='ocrx_word' id='word_1_433' title='bbox 160 4408 209 4468; x_wconf 92' lang='grc'><strong>55.</strong></span> <span class='ocrx_word' id='word_1_434' title='bbox 243 4406 294 4480; x_wconf 85' lang='lat' dir='ltr'>IV,</span> <span class='ocrx_word' id='word_1_435' title='bbox 316 4408 344 4466; x_wconf 92' lang='lat'>4.</span> <span class='ocrx_word' id='word_1_436' title='bbox 379 4407 428 4479; x_wconf 86' lang='lat' dir='ltr'>VI,</span> <span class='ocrx_word' id='word_1_437' title='bbox 447 4409 495 4468; x_wconf 87' lang='grc'><strong>32.</strong></span> <span class='ocrx_word' id='word_1_438' title='bbox 530 4407 598 4480; x_wconf 83' lang='grc' dir='ltr'>ΧΠ,</span> <span class='ocrx_word' id='word_1_439' title='bbox 620 4404 669 4470; x_wconf 80' lang='grc'><strong>54.</strong></span> 
     </span>
    </p>
   </div>
   <div class='ocr_carea' id='block_1_7' title="bbox 0 0 1552 5096">
    <p class='ocr_par' dir='ltr' id='par_1_10' title="bbox 0 0 1552 5096">
     <span class='ocr_line' id='line_1_46' title="bbox 0 0 1552 5096; baseline 0 0"><span class='ocrx_word' id='word_1_440' title='bbox 0 0 1552 5096; x_wconf 95' lang='lat' dir='ltr'> </span> 
     </span>
    </p>
   </div>
  </div>
 </body>
</html>
