3086 5096
582 377 706 477 ,749
751 412 788 422 -

465 543 530 597 Sall.
1087 544 1150 596 Tac.

193 605 255 661 hist.
479 612 516 680 lg.
638 544 643 678 Ι
776 612 834 667 oar.
1088 612 1150 664 hist.

89 674 123 727 fr.
142 678 165 726 l.
188 676 243 728 Res
256 680 350 746 populi
965 698 987 733 c.
1000 685 1021 734 1.
1036 680 1070 733 in.
1087 680 1197 732 Initium
1206 679 1271 731 mihi

124 744 244 797 Romani
254 746 291 798 M.
299 747 349 799 Le·
1000 749 1088 816 operis
1097 747 1270 801 ServiusGal-

126 812 194 878 pido
208 817 238 881 Q.
254 813 349 869 Catulo
999 819 1034 871 ba
1065 817 1143 870 Titus
1175 816 1270 870 Vinius

125 883 287 936 consulibus
318 901 350 937 ac
998 887 1124 939 eonsules
1148 890 1235 938 erunt.

126 948 226 1004 deinde
237 952 350 1006 militiae

125 1025 155 1071 et
172 1018 248 1073 domi
259 1027 349 1100 gestas

88 1103 278 1211 frncfflfmln·
964 1159 1067 1213 iudicat
1085 1158 1117 1212 de
1135 1173 1226 1211 rerum

999 1229 1175 1295 scriptoribus

649 1317 670 1353 c.
685 1304 709 1360 3,
728 1303 752 1351 2.
965 1303 992 1349 et
1010 1296 1043 1348 de
1061 1297 1176 1349 historia

649 1385 673 1422 c.
687 1373 711 1428 3,
729 1369 803 1420 3-5.
832 1383 854 1418 c.
869 1369 893 1420 4.
964 1364 1085 1432 loquitur
1103 1365 1136 1418 de
1154 1379 1183 1418 se

86 1427 123 1484 fr.
139 1431 166 1484 5.
964 1433 1107 1502 profitetur
1128 1433 1269 1502 incorrup-

999 1509 1056 1555 tam
1073 1501 1161 1555 fidem.

648 1575 798 1634 (1.5,1-8.
965 1588 987 1625 c.
1010 1574 1085 1624 2-3
1108 1577 1269 1639 temporum,

648 1643 782 1696 Catilinae
796 1657 901 1694 morum
909 1640 954 1694 de·
999 1639 1140 1707 dequibus
1154 1645 1195 1692 est
1205 1640 1270 1692 scri-

682 1710 801 1779 scriptio.
997 1716 1102 1777 ptume,
1115 1707 1197 1762 facies
1207 1709 1269 1761 civi-

997 1779 1118 1843 tatisque
1163 1793 1268 1830 morum

998 1846 1151 1913 descriptio.
1171 1875 1202 1884 -

359 1914 396 1982 lg.
407 1916 431 1974 5,
446 1917 469 1966 3.
489 1915 542 1969 Sed
550 1918 637 1985 prius·
647 1933 669 1970 c.
684 1917 708 1976 5,
722 1919 746 1970 9.
760 1915 814 1969 Res
822 1915 882 1983 ipsa
891 1915 952 1967 hor·
963 1931 985 1967 c.
1000 1917 1023 1967 4.
1049 1916 1174 1968 Ceterum
1193 1919 1268 1967 ante-

393 1998 475 2048 quam
526 1983 637 2038 huiusce
680 1985 734 2038 tari
752 1983 867 2044 videtur,
885 2000 951 2050 quo·
996 1999 1078 2050 quam
1130 1983 1269 2037 destinata

392 2051 465 2104 modi
481 2067 540 2106 rem
558 2068 637 2122 expe·
681 2054 754 2106 niam
776 2051 809 2105 de
831 2051 952 2107 moribus
996 2067 1168 2119 componam,
1192 2066 1268 2119 repe-

393 2119 445 2180 dio,
455 2137 543 2188 pauca
555 2137 638 2190 supra
681 2121 798 2175 civitatis
845 2127 951 2188 tempus
997 2120 1109 2174 tendum
1152 2120 1266 2180 ridetur,

391 2195 520 2256 repetam,
534 2206 588 2256 quo
602 2191 637 2244 ad
681 2190 834 2251 admonuit,
870 2205 953 2257 supra
996 2189 1085 2256 qualis
1111 2194 1200 2242 status
1222 2204 1267 2241 ur-

406 2259 624 2325 cognoscuudum
680 2266 802 2328 repetere
816 2275 849 2312 ac
858 2259 953 2326 paucis
996 2258 1049 2318 bis,
1086 2272 1156 2324 quae
1191 2271 1266 2311 mens

391 2328 481 2381 omnia
520 2327 637 2388 illustria
681 2328 814 2382 disserere
826 2328 953 2381 instituta
996 2326 1164 2380 exercituum
1185 2357 1217 2365 —
1236 2330 1267 2378 ut

390 2397 474 2464 magis
497 2398 637 2466 magisque
680 2397 814 2451 maiorum
826 2396 897 2450 domi
906 2397 952 2450 mi-
996 2411 1051 2449 uon
1080 2393 1160 2448 modo
1187 2409 1266 2448 casus

389 2463 418 2515 iu
435 2473 530 2534 aperto
549 2467 610 2520 sint.
679 2466 817 2534 litiaeque‚
842 2481 952 2533 quomo·
996 2469 1266 2530 eventusquererum

680 2535 715 2588 do
737 2535 951 2602 rempublicam
996 2533 1043 2587 sed
1078 2533 1161 2586 etiam
1195 2533 1265 2585 ratio

679 2603 824 2657 habuerint
841 2609 891 2657 etc.
995 2616 1265 2670 causaequenoscan·

994 2676 1047 2724 tur.

83 2734 668 2810 fr.6-14egressio.c.5,4-c.1oegres-c.
682 2741 766 2794 6-13
785 2740 911 2808 egressio,
960 2756 974 2792 c
997 2743 1080 2793 4-11
1100 2738 1225 2808 egressio.

25 2845 26 2852 1
388 2809 436 2863 sio.
646 2825 668 2864 c.
684 2812 717 2862 14
733 2809 847 2863 initium.
960 2826 981 2862 c.
998 2811 1029 2860 12
1046 2810 1161 2863 initium.

25 2910 36 2944 ,1
1093 2923 1095 2928 -

173 2950 286 3010 Deinde
318 2954 483 3023 loquentem
514 2952 586 3011 facit
616 2953 772 3013 Sallustius
797 2952 953 3024 Micipsam
979 2951 1031 3029 (lg.
1059 2969 1082 3010 c.
1101 2942 1169 3026 ⁸10),
1200 2967 1263 3008 cum

25 3008 35 3077 'l
83 3038 259 3110 Iugurtham
281 3039 312 3096 iu
338 3055 458 3110 reguum
481 3041 647 3112 adoptaret,
673 3041 792 3098 Tacitus
815 3037 938 3096 Galbam
964 3036 996 3115 (o.
1021 3036 1167 3112 15-16),
1199 3055 1264 3095 cum

25 3121 35 3197 ζ
84 3127 244 3195 adoptaret
260 3124 395 3183 Pisonem
418 3125 448 3182 iu
466 3127 670 3198 principatum.
707 3125 811 3184 Cetera
829 3125 952 3183 minoris
970 3130 1038 3182 sunt
1056 3125 1202 3182 momenti.
1221 3157 1261 3166 -

25 3219 34 3273 'l
172 3208 207 3267 In
230 3210 378 3270 annalium
400 3211 485 3269 initio
508 3212 627 3270 Tacitus
649 3211 803 3272 brevitatis
826 3211 1058 3270 studiosissimus
1081 3209 1146 3268 fuit.
1184 3210 1262 3280 Quo·

31 3276 35 3375 l
83 3298 165 3354 niam
188 3295 264 3353 euim
286 3315 345 3355 uuo
369 3297 464 3368 capite
487 3296 646 3357 deformis
670 3298 794 3357 diversis
821 3296 999 3370 reipublicae
1022 3297 1156 3356 omuibus
1178 3297 1261 3354 etde

83 3381 211 3440 historia
229 3382 398 3455 disputavit,
421 3382 522 3442 statim
539 3401 601 3443 rem
622 3385 715 3457 ipsam
733 3401 888 3456 aggressus
907 3389 959 3443 est.
995 3383 1100 3454 Verba,
1118 3400 1136 3440 a
1155 3383 1260 3454 quibus

84 3469 201 3528 orditur
219 3467 349 3527 ‘Romam
368 3487 385 3526 a
404 3469 549 3541 principio
567 3488 651 3542 reges
670 3469 805 3529 habuere'
825 3470 978 3542 usurpavit
992 3469 1159 3528 Sallustium
1178 3485 1259 3527 secu-

82 3561 141 3626 tus,
165 3554 214 3625 qui
236 3555 268 3612 iu
290 3554 353 3613 Cat.
377 3573 400 3613 c.
424 3557 452 3627 6,
476 3558 492 3613 1
517 3555 632 3629 incipit:
655 3557 773 3617 ‘Urbem
795 3557 917 3615 Romam
934 3556 1064 3614 habuere
1082 3555 1167 3614 initio
1185 3554 1258 3614 Tro-

81 3641 161 3699 iani’.
196 3640 277 3698 Haec
299 3643 389 3700 verba
410 3642 544 3702 Tacitum
566 3648 669 3702 contra
685 3643 853 3702 Sallustium
876 3643 1040 3714 disputasse
1058 3645 1143 3700 acute
1161 3642 1258 3700 conie-

82 3729 123 3786 cit
146 3724 385 3804 Woelfflinius¹);
415 3727 544 3788 fabulam
571 3731 647 3788 euim
674 3731 753 3788 illam
780 3731 817 3788 de
839 3728 974 3788 Troianis
1001 3728 1057 3787 hoc
1083 3729 1170 3786 modo
1193 3744 1257 3786 eum

81 3813 213 3872 refutare
234 3813 370 3872 voluisse.
406 3812 460 3871 Oui
482 3815 600 3875 obstare
621 3816 745 3886 videtur,
769 3817 847 3888 qnod
864 3815 984 3872 Tacitus
1004 3814 1039 3872 de
1057 3811 1183 3874 formis
1204 3814 1258 3872 rei

36 3893 38 3901 '
81 3900 261 3972 publicae,
285 3899 438 3958 Sallustius
462 3902 502 3959 de
523 3902 652 3961 incolis
674 3901 775 3961 urbis
797 3901 935 3974 loquitur.
971 3900 1055 3970 Quod
1077 3900 1102 3958 si
1124 3900 1168 3957 vir
1188 3902 1256 3958 doc·

81 3993 128 4044 tus
148 3989 246 4043 censet
263 3985 394 4044 iudicare
412 3986 553 4060 Tacitum,
576 4006 640 4046 cum
658 3989 750 4046 isdem
767 3988 864 4046 verbis
882 3990 1022 4058 uteretur,
1040 4002 1074 4043 ac
1092 3986 1256 4057 Sallustius,

35 4110 40 4125 .
82 4075 118 4132 de
141 4071 260 4143 regibus
284 4088 348 4132 esse
371 4076 480 4129 certam
502 4074 572 4146 rem,
595 4073 631 4132 de
653 4074 756 4133 incolis
781 4073 877 4132 omnia
899 4069 1042 4146 fabulosa,
1066 4088 1181 4144 oppono
1200 4072 1256 4131 Ta·

82 4161 180 4228 citum,
208 4159 277 4229 qnia
303 4159 466 4229 scripturus
493 4164 557 4218 erat
585 4162 620 4218 de
646 4160 863 4232 principatu,
885 4160 1013 4218 breviter
1035 4159 1177 4230 repetisse
1203 4159 1255 4217 rei

80 4244 245 4319 publicae
275 4244 405 4304 formas
434 4246 650 4318 superiores,
682 4263 751 4304 uon
777 4246 882 4317 quasi
913 4261 1172 4306 consummasse
1197 4262 1253 4304 res

38 4365 40 4371 ⁴
80 4371 282 4382 ——ae-—n—

27 4475 43 4844 ἱ
152 4430 171 4497 1)
188 4430 437 4498 1111112111118.
