3086 5096
760 365 968 432 „54-

310 534 377 596 viss,
396 534 485 589 locum
502 534 671 604 superiorem
688 539 716 588 et
729 551 754 604 q.
769 551 789 590 s.
804 565 836 574 -
922 553 971 604 pos
984 535 1125 590 madentes
1138 542 1166 588 et
1180 551 1205 604 q.
1216 552 1236 590 s.
1247 565 1279 574 —-
1289 535 1366 590 illum
1380 536 1453 589 diem

312 603 387 656 illum
411 603 482 657 diem
504 611 552 658 sut
574 618 667 658 omnes
684 603 792 658 labores
810 611 838 658 et
922 610 971 658 aut
997 604 1221 674 gloriosissimum
1240 605 1313 658 inter
1335 607 1454 660 maiores

313 671 441 727 victorias
455 672 836 727 confirmaturumautmaxu·
923 680 970 727 aut
996 673 1204 742 ignominiosum
1230 673 1304 742 apud
1326 681 1454 744 posteros

313 757 417 794 marum
439 755 630 796 aerumnarum
647 741 753 796 initium
770 740 836 796 fore.
923 741 990 797 lore.
999 743 1016 810 ¹)
1115 797 1118 800 .

460 859 499 898 or.
515 843 650 898 Caesaris.
1084 859 1123 898 or.
1137 843 1248 914 Lepidi.

280 927 339 982 Cat.
357 930 399 989 51,
416 931 440 981 8.
477 928 510 982 Si
532 928 632 996 digna
652 945 757 998 poena
777 945 837 998 pro
889 945 951 984 ann.
970 929 1017 990 111,
1035 931 1076 984 50.
1111 928 1157 993 Si,
1178 937 1272 998 patres
1295 930 1452 998 conscripti,

312 996 413 1050 lactis
436 1012 547 1051 eorum
568 999 717 1068 reperitur,
740 1015 838 1052 norum
924 1015 1008 1051 unum
1025 997 1053 1051 id
1067 1003 1230 1066 spectamus,
1249 1013 1332 1066 quam
1345 998 1452 1052 nefaria

311 1065 453 1119 consilium
479 1066 613 1134 adprobo:
640 1067 690 1122 sin
716 1067 838 1138 magni·
923 1083 989 1122 voce
1021 1067 1157 1121 Clutorius
1187 1067 1295 1120 Priscus
1331 1075 1452 1120 mentem

309 1133 389 1186 tudo
422 1134 560 1190 sceleris
587 1136 705 1189 omnium
730 1136 839 1204 ingenia
924 1151 1001 1189 suam
1019 1140 1046 1188 ct
1064 1151 1144 1189 aures
1161 1135 1299 1188 hominum
1312 1136 1452 1204 polluerit,

311 1209 501 1271 exsuperat,
524 1204 563 1258 eis
586 1205 719 1259 utondum
740 1219 838 1259 censeo
923 1219 1011 1273 neque
1041 1219 1135 1258 carcer
1160 1220 1249 1272 neque
1274 1205 1390 1272 laqueus
1412 1220 1453 1258 ne

312 1286 382 1339 quae
399 1271 502 1342 legibus
521 1279 680 1341 comparato
697 1279 769 1327 sunt.
924 1273 1067 1328 serviles
1111 1273 1241 1342 quidem
1279 1273 1453 1327 cruciatus

279 1339 358 1410 515.
393 1339 528 1409 Equidem
561 1356 610 1408 ego
642 1343 680 1394 sic
706 1342 838 1402 existimo,
924 1341 1138 1396 suffecerint:
1153 1341 1203 1395 sin
1217 1341 1453 1410 flagitiaetfa-

313 1415 406 1477 patres
420 1409 574 1477 conscripti,
593 1411 695 1464 omnis
709 1411 837 1464 crucia·
923 1411 1063 1478 cinorall
1080 1409 1150 1463 eine
1168 1410 1259 1463 modo
1277 1416 1368 1471 sunt,
1386 1425 1453 1477 sup-

310 1485 364 1532 tus
394 1477 536 1532 minores
567 1491 662 1546 quam
688 1477 838 1532 facinora
923 1479 1011 1547 pliciis
1029 1493 1061 1532 ac
1078 1478 1204 1532 remediis
1217 1478 1346 1547 principis
1359 1479 1453 1532 mode-

312 1546 448 1599 illorum
465 1561 532 1601 esse.
880 1601 882 1608 ,
922 1547 993 1600 ratio
1036 1547 1258 1616 maiorumque
1293 1563 1325 1600 ac
1359 1554 1453 1604 vestra

275 1613 291 1682 ὅ
308 1617 333 1667 4.
368 1615 470 1682 Magna
491 1614 657 1683 mihicopia
679 1622 721 1669 est
738 1631 838 1669 memo·
922 1615 1047 1684 exempla
1064 1620 1220 1683 temperant
1238 1623 1265 1668 et
1283 1631 1308 1682 q.
1325 1630 1346 1669 s.
1360 1647 1393 1654 -
1407 1625 1453 1670 est

309 1682 396 1744 randi,
413 1699 441 1750 p.
459 1699 491 1745 o,
510 1691 837 1806 111151113111113111115-
922 1685 998 1738 locus
1016 1685 1175 1745 sententiae,
1193 1699 1243 1753 per
1261 1700 1343 1752 quam
1361 1700 1452 1752 neque

309 1750 368 1819 puli
389 1753 439 1804 ira
463 1759 519 1806 aut
541 1752 715 1806 misericor
742 1753 837 1806 1111111-
922 1753 984 1806 hnic
1007 1752 1135 1805 delictum
1158 1753 1267 1822 impune
1291 1753 1326 1806 sit
1349 1758 1377 1806 et
1399 1769 1452 1806 nos

309 1820 381 1888 pulsi
406 1820 478 1873 male
505 1821 700 1875 consuluerint:
728 1820 777 1874 sed
804 1837 837 1874 ea
922 1821 1123 1876 clementiae
1141 1821 1451 1876 acseveritatisnon

311 1889 382 1942 malo
397 1888 494 1949 dicere,
512 1904 583 1956 quae
596 1891 737 1944 maiores
750 1891 838 1944 nostri
921 1891 1069 1958 paeniteat.

310 1963 405 2011 contra
427 1957 572 2011 lubidinem
594 1958 676 2012 animi
698 1958 741 2014 sui
761 1965 837 2013 recte

310 2031 393 2093 atquc
411 2025 507 2080 ordine
525 2025 621 2081 fecere.

192 2141 195 2150 .
276 2095 334 2148 Cat.
353 2097 572 2157 51,12—13or.
591 2095 668 2150 Caes.
756 2092 759 2096 ’
888 2111 950 2150 ann.
969 2095 1015 2157 IV,
1033 2097 1068 2148 40
1085 2111 1124 2149 or.
1143 2095 1251 2150 Tiberii.

275 2163 332 2218 Cat
351 2165 392 2228 52,
412 2168 427 2217 7
445 2179 484 2218 or.
503 2163 623 2219 Catonis.
672 2195 675 2202 ·
887 2180 949 2218 ann.
967 2163 1040 2226 XIV,
1057 2165 1090 2217 43
1108 2179 1148 2216 or.
1168 2163 1195 2216 0.
1214 2163 1307 2218 Cassii.

275 2232 486 2300 Saepenumero,
498 2232 755 2310 patrcgconscripti
768 2233 837 2286 mul·
888 2234 1102 2302 Saepenumero,
1124 2239 1218 2300 patres
1239 2232 1400 2301 conscripti,
1421 2234 1453 2286 in

310 2306 340 2354 ta
357 2303 440 2356 verba
456 2301 484 2354 in
498 2301 550 2354 hoc
565 2301 659 2356 ordine
673 2301 737 2364 ieci3
754 2315 837 2369 saepe
921 2303 974 2355 hoc
999 2301 1093 2355 ordine
1119 2300 1243 2362 interfui,
1271 2317 1333 2354 cum
1355 2306 1454 2356 contra

312 2369 345 2423 de
367 2369 475 2423 luxuria
496 2375 579 2440 atque
602 2371 716 2424 avaritia
733 2376 837 2424 nostro·
921 2369 1049 2424 instituta
1074 2375 1103 2422 et
1129 2371 1202 2438 leges
1224 2369 1357 2424 maiorum
1380 2385 1454 2425 nova

310 2454 370 2491 rum
388 2438 484 2491 civium
502 2444 615 2506 questus
634 2454 701 2494 sum.
923 2445 1034 2494 senatus
1048 2438 1160 2492 decreta
1171 2437 1391 2507 postularentur:
1405 2453 1455 2492 ne-

279 2507 337 2561 Oat.
356 2509 398 2569 51,
415 2509 456 2560 42.
475 2523 537 2546 -·’
923 2522 976 2574 quc
986 2524 1046 2562 sum
1056 2507 1224 2569 adversatus,
1238 2507 1455 2576 nonquiadubi·

276 2576 313 2643 lg.
328 2577 352 2636 4,
367 2578 391 2627 2.
420 2575 502 2629 Cuius
515 2575 548 2628 de
562 2575 669 2636 virtute,
684 2575 749 2644 quia
759 2575 839 2629 multi
924 2583 1011 2629 tarem
1028 2591 1110 2644 super
1127 2575 1250 2631 omnibns
1268 2577 1384 2646 negotiis
1398 2592 1456 2630 mc·

312 2643 412 2705 dixere,
438 2643 668 2712 praetereundum
693 2651 770 2725 puto,
796 2645 839 2700 si·
924 2645 976 2699 lius
999 2651 1082 2714 atque
1103 2645 1205 2700 rectius
1229 2645 1292 2700 olim
1313 2645 1455 2713 provisum

310 2713 374 2766 mul
402 2727 441 2766 ne
462 2727 521 2780 per
543 2713 756 2768 insolentiam
778 2713 839 2781 quis
923 2713 974 2768 ,sed
992 2728 1030 2767 ne
1043 2712 1141 2768 nimio
1155 2729 1264 2768 amore
1278 2713 1385 2782 antiqui
1397 2729 1456 2767 mo-

313 2782 458 2835 existumet
471 2787 570 2835 memet
584 2781 838 2836 studiummeum
924 2783 962 2836 ris
988 2782 1135 2836 studium
1161 2797 1263 2836 meum
1289 2782 1455 2836 extollere

312 2849 450 2903 laudando
468 2851 642 2904 extollere.
770 2859 774 2864 '
925 2850 1038 2905 viderer.

280 2918 318 2987 lg.
335 2919 378 2980 85,
399 2922 431 2972 17
449 2933 487 2973 or.
501 2918 589 2974 Marii.
607 2950 640 2960 —
657 2920 728 2976 Nam
745 2935 840 2988 gerere
892 2935 954 2973 aun.
972 2919 1031 2981 XV,
1050 2933 1071 2974 a.
1090 2921 1191 2974 20—21
1215 2934 1254 2974 or.
1270 2917 1349 2972 Paeti
1366 2919 1455 2974 Thra·

314 3001 396 3055 quam
417 2985 478 3041 fieri
499 2992 621 3057 tempore
641 2988 791 3058 posterius,
809 3003 840 3042 rc
926 3003 997 3044 scae.
1023 2988 1094 3042 Nam
1106 2988 1187 3057 culpa
1197 3003 1278 3056 quam
1287 3003 1377 3056 poena
1386 2993 1457 3042 tcm-

312 3061 395 3124 atquo
408 3070 460 3110 usu
476 3057 561 3126 prius.
610 3054 619 3070 ‘
925 3072 993 3125 pore
1014 3056 1103 3126 prior,
1125 3057 1263 3110 emendari
1286 3072 1368 3125 quam
1390 3072 1457 3126 pec-

926 3139 1003 3180 casse
1020 3125 1156 3198 posterius
1173 3130 1223 3181 est.

347 3299 366 3364 1)
384 3300 502 3352 Similiter
519 3313 575 3349 ann.
594 3299 625 3358 ll,
645 3298 678 3350 14
700 3314 765 3362 quac
786 3300 909 3364 sapientia
927 3300 1053 3364 provisa
1070 3306 1178 3364 aptaque
1195 3299 1333 3349 imminenti
1351 3313 1456 3364 pugnae

278 3369 1457 3432 mmmNmmmoemmfflffifflmmmmmpmmfflmfflmmm·

276 3455 334 3488 nem
352 3438 446 3488 codicis
463 3437 570 3488 Medicei
587 3434 717 3501 ‘praevisa'
736 3438 828 3488 frustra
844 3438 952 3489 retinuit.

348 3503 1455 3572 Md&XQAQLzffiAAELa-hamNL3—fflmffl

277 3579 310 3627 ad
332 3576 475 3639 exemplum
497 3575 600 3624 Tacitus
621 3575 698 3624 nectit
719 3576 783 3624 inter
804 3591 861 3625 sese
883 3576 932 3624 alia
954 3589 1053 3638 quoque
1078 3575 1235 3625 substantiva
1257 3576 1283 3638 a)
1304 3590 1456 3638 synonyma.

277 3647 314 3709 lg.
333 3643 379 3703 54,
397 3643 413 3695 5
435 3659 485 3693 non
506 3643 638 3708 proeliis
659 3657 758 3706 neque
780 3646 847 3693 acie
864 3644 957 3693 bellum
975 3644 1123 3706 gerundum.
1160 3643 1196 3706 lg.
1214 3642 1261 3702 97,
1278 3642 1295 3693 4
1316 3659 1366 3693 non
1384 3647 1456 3694 acie

276 3728 358 3777 neque
375 3713 426 3762 ullo
444 3727 514 3762 more
530 3712 643 3776 proelii
659 3711 795 3763 incurrtmt.
830 3712 889 3762 Tac.
908 3727 963 3762 ann.
983 3711 1072 3772 111,·39
1089 3727 1171 3775 neque
1189 3714 1285 3762 eciem
1303 3720 1345 3762 aut
1362 3728 1454 3777 proe-

277 3785 350 3832 llum
373 3781 423 3830 dici
441 3781 564 3840 decuerit,
586 3781 612 3830 in
630 3795 679 3843 quo
697 3807 731 3817 —
752 3781 810 3832 hist.
828 3781 877 3840 IV,
895 3779 929 3832 58
951 3781 1072 3831 adversus
1096 3797 1159 3844 quos
1176 3796 1237 3830 non.
1248 3782 1400 3844 proelium
1425 3791 1455 3832 et

278 3852 362 3900 acies
384 3857 508 3914 parantur.
545 3851 604 3902 Sall.
627 3847 679 3901 Cat.
701 3850 747 3909 31,
771 3849 788 3900 8
810 3848 941 3900 Catilinam
965 3850 1063 3899 hostem
1085 3859 1161 3912 atque
1180 3851 1330 3914 parricidam
1352 3866 1453 3901 vocure.

277 3921 336 3969 Tac.
354 3919 413 3971 hist.
431 3918 455 3976 1,
473 3917 506 3970 85
523 3917 622 3968 hostem
640 3923 664 3967 et
680 3919 830 3981 parricidam
847 3918 977 3969 Vitellium
995 3924 1118 3970 vocantes.
1145 3933 1201 3968 ann.
1219 3917 1282 3976 XV,
1300 3921 1332 3970 73
1351 3919 1452 3970 Iunium

278 3988 416 4039 Gallionem
436 3986 535 4037 hostem
557 3993 581 4036 ct
602 3987 752 4051 parricidam
770 4002 870 4038 vocans.
892 4014 926 4024 ·-
948 3988 1028 4051 ‘quies
1051 3993 1074 4036 et
1096 3989 1182 4037 otium'
1204 3988 1242 4050 Ig.
1264 3987 1309 4047 66,
1331 3989 1355 4040 2.
1390 3988 1454 4039 hist.

277 4057 296 4105 l.
314 4056 347 4107 41
364 4055 424 4118 (45),
442 4055 466 4106 9.
485 4082 518 4092 -
535 4057 597 4118 Agr.
615 4055 640 4107 6.
658 4056 700 4106 21.
718 4055 759 4107 42.
773 4083 806 4092 -
820 4061 879 4120 ‘pax
893 4063 917 4104 et
930 4057 1079 4106 concordia'.
1104 4056 1163 4108 hist.
1177 4057 1196 4106 1.
1210 4057 1243 4108 41
1257 4055 1316 4121 (45),
1325 4057 1367 4109 24.
1386 4057 1406 4106 1.
1417 4058 1454 4108 48

277 4125 341 4189 151),
364 4123 388 4176 5.
404 4123 443 4175 10.
459 4124 500 4176 13.
513 4151 546 4160 -
560 4127 618 4175 Tac.
632 4124 691 4175 hist.
704 4125 724 4183 l,
738 4123 778 4176 56.
801 4124 832 4184 Il,
846 4125 887 4177 20.
901 4124 944 4184 111,
957 4125 999 4177 80.
1009 4152 1042 4160 —
1056 4121 1086 4189 β)
1099 4125 1213 4176 diversae
1225 4127 1289 4175 inter
1301 4141 1358 4176 sess
1371 4127 1454 4190 signi-

278 4192 410 4254 ficationis.
429 4193 505 4242 ‘caelo
518 4195 641 4256 terraqne’
655 4194 693 4257 lg.
706 4194 748 4253 17,
761 4191 786 4245 5.
814 4192 880 4244 01111.
894 4193 919 4252 4,
933 4193 975 4253 29,
988 4193 1005 4246 6
1018 4193 1076 4244 Tac.
1090 4193 1149 4245 hist.
1163 4195 1182 4254 1,
1196 4195 1220 4246 3.
1239 4209 1295 4245 ann.
1310 4195 1353 4254 Vl,
1363 4195 1406 4247 37.
1417 4223 1452 4232 —

279 4261 1452 4326 ffiwmmmwwmwmmfflmmffi3QmmLffiffl.

279 4331 315 4383 54
330 4332 391 4398 (63).
409 4359 441 4367 -
459 4332 518 4380 Tac.
540 4330 598 4384 hist.
621 4331 656 4390 11,
674 4330 697 4382 5.
724 4346 781 4384 ann.
798 4329 857 4391 XV,
876 4330 916 4381 12.
935 4359 967 4367 -
986 4331 1092 4382 ‘fortuna
1114 4332 1245 4394 famaque’.
1276 4330 1328 4384 Cat.
1346 4331 1388 4391 51,
1408 4333 1452 4387 12.

177 4429 178 4434 =
280 4403 338 4451 Tac.
360 4399 519 4459 11111548.
550 4399 597 4459 111,
613 4398 655 4450 32.
681 4400 714 4458 V,
733 4401 773 4452 10.
804 4401 879 4448 ‘lama
900 4399 1021 4462 fidesque!
1043 4400 1081 4462 lg.
1099 4398 1140 4459 16,
1157 4401 1182 4451 3.
1208 4400 1267 4451 Tac.
1289 4399 1347 4451 hist.
1365 4401 1389 4459 Ι,
1407 4402 1452 4454 30.
