3086 5096
735 351 944 414 ..14-

262 521 433 592 quaesitum.
451 523 546 580 Multo
560 522 741 594 probabilius
757 521 884 579 dicemus
898 521 937 579 ad
951 520 1115 590 analogiam
1125 519 1281 578 verborum
1291 535 1327 578 ex
1336 521 1437 579 adiec-

260 606 329 664 tivis
351 607 495 678 negativis
518 608 672 666 ductorum
690 607 737 664 ‘in’
756 607 802 666 vel
821 607 874 664 ‘ne’
895 606 1061 678 negativum
1079 605 1248 663 adiunctum
1266 621 1331 662 esse
1348 605 1436 663 aliis

262 708 399 762 qnoque
420 693 539 752 verbis
562 693 604 751 ita
621 699 655 750 ut
672 691 789 763 negatio
807 691 953 764 pertineat
971 708 1028 749 non
1046 692 1085 749 ad
1102 690 1185 749 verbi
1203 691 1360 762 notionem,
1383 691 1439 750 sed

261 777 300 834 ad
325 777 384 836 vim
407 779 544 837 adiectivi
566 780 596 836 iu
618 780 708 837 verbo
730 769 857 836 latentia.
897 777 985 834 Aliud
1007 792 1071 834 esse
1094 776 1191 834 dicere
1213 776 1337 834 ‘indecet
1358 776 1437 848 alqd.

262 864 363 934 alqm.',
387 863 466 922 aliud
489 881 547 924 non
570 865 653 922 decet
675 864 751 935 alqd.
773 863 867 934 alqrn!
885 862 916 918 in
937 867 1074 934 promptu
1097 863 1149 934 est,
1172 863 1224 920 sed
1245 862 1439 934 grammatice

262 948 310 1006 ‘in’
328 949 498 1020 simpliciter
517 951 554 1009 ad
572 951 692 1009 verbum
710 947 809 1006 ‘decet’
827 947 986 1006 accessisse
1003 951 1084 1019 puto,
1102 947 1196 1018 logice
1208 948 1247 1006 ad
1261 947 1439 1008 adiectivum

262 1033 293 1090 in
314 1035 404 1094 verbo
427 1037 529 1095 latens,
565 1036 656 1106 Quam
680 1036 717 1094 ob
736 1031 909 1098 remBrixii
930 1033 1078 1104 iudicium,
1101 1034 1179 1103 quod
1196 1032 1266 1091 lecit
1284 1034 1320 1092 de
1338 1033 1440 1092 verbis

262 1120 406 1190 negativis
432 1122 471 1180 ad
497 1121 565 1179 trin.
587 1139 612 1180 v.
637 1122 697 1180 136
720 1118 925 1190 „inconciliare
947 1119 1040 1176 kann
1067 1118 1165 1175 nicht
1187 1119 1239 1177 das
1262 1118 1440 1189 Gegentheil

262 1221 319 1262 vou
347 1207 504 1264 conciliare
529 1207 687 1278 bedenten,
715 1207 753 1264 da
779 1205 854 1263 nach
876 1204 908 1262 0.
930 1205 1061 1262 Muller’s
1087 1204 1229 1276 richtiger
1249 1204 1441 1276 Bemerkung

263 1308 298 1348 zu
312 1288 390 1350 Fest.
409 1309 437 1363 p.
457 1294 517 1350 107
536 1294 584 1350 ‘in'
602 1309 657 1351 nur
675 1292 706 1349 in
723 1289 899 1362 Adjektiveu
917 1290 977 1348 und
993 1289 1174 1361 Partioipieu
1192 1291 1347 1361 negativae
1366 1289 1440 1349 Sinn

263 1375 331 1432 hat“
355 1375 426 1435 ferri
454 1395 513 1436 non
539 1381 645 1451 potest.
667 1376 877 1434 ‘Inconciliare’
898 1376 981 1434 verbi
1002 1375 1176 1434 ‘conciliare’
1198 1375 1295 1434 dicare
1317 1382 1441 1434 contra-

262 1462 339 1518 rium
367 1479 425 1522 non
448 1480 512 1522 esse
537 1480 642 1535 posse
663 1479 721 1521 non
744 1462 838 1520 miuus
860 1460 966 1519 falsum
988 1466 1045 1532 est,
1072 1478 1158 1534 quam
1182 1463 1206 1519 si
1229 1463 1294 1533 quis
1316 1469 1441 1532 negaret

203 1601 207 1610 .
263 1547 447 1618 ‘improbare’
464 1566 528 1608 esee
545 1565 631 1621 posse
650 1547 828 1606 contrarium
846 1547 929 1605 verbi
946 1547 1097 1619 ‘probare’.
1137 1547 1347 1606 ‘Inconciliare’
1365 1563 1441 1619 quo·

263 1633 358 1692 miuus
380 1652 434 1707 pro
453 1635 647 1694 ‘inconcilium
669 1633 774 1692 iacere’
792 1634 939 1704 ducamus,
961 1631 1099 1691 formatio
1122 1633 1205 1692 verbi
1227 1651 1286 1691 non
1307 1633 1442 1705 impedit.

263 1718 295 1776 P.
315 1718 470 1790 Langenus
491 1722 548 1779 hoc
566 1737 681 1792 quoque
702 1719 733 1777 in
750 1719 840 1778 verbo
863 1719 1048 1790 negationem
1071 1735 1131 1778 non
1150 1718 1297 1791 pertinere
1320 1719 1378 1777 nisi
1401 1722 1442 1777 ad
1529 1723 1531 1752 ¹

264 1804 439 1864 adiectivum
457 1806 487 1864 in
504 1807 594 1865 verbo
617 1806 710 1864 latens
733 1810 766 1862 ut
788 1821 846 1863 non
869 1804 1082 1875 animadvertit,
1105 1805 1148 1863 ita
1165 1805 1237 1862 mihi
1255 1809 1335 1862 recte
1352 1805 1439 1864 vidc-

264 1895 312 1946 tur
335 1888 381 1947 ‘iu’
404 1908 458 1962 pro
482 1892 617 1963 negativo
640 1890 796 1963 accepisse,
818 1907 893 1962 qnae
919 1890 1094 1962 significatio
1112 1891 1195 1949 verbi
1222 1890 1358 1962 negativa
1386 1907 1441 1962 op-

263 1975 333 2033 time
355 1981 436 2047 patet
457 1977 488 2034 iu
510 1976 616 2053 Bacch.
638 1995 665 2036 v.
688 1978 748 2034 551
773 1975 833 2034 ‘ille
855 1976 934 2048 quod
956 1977 987 2034 in
1009 1992 1040 2060 se
1061 1975 1118 2034 fuit
1140 1978 1307 2034 accuratum
1326 1977 1441 2048 habuit,

264 2062 342 2130 quod
368 2068 469 2132 posset
495 2062 564 2120 mali
590 2062 701 2121 faceret
727 2063 759 2120 in
784 2079 841 2132 ma,
872 2062 1075 2120 inconciliaret
1101 2062 1201 2134 copias
1225 2062 1319 2120 omnis
1342 2064 1442 2120 meas?

262 2145 363 2216 Neque
385 2149 527 2222 absonum
550 2154 607 2221 est,
634 2144 940 2220 quod‘inoonciliare'
962 2146 1089 2206 obiitin
1111 2148 1259 2206 notionem
1282 2148 1441 2206 verborum

264 2230 432 2291 ‘ludificare’
458 2235 600 2306 ‘decipere
627 2234 761 2304 aliquem'
787 2235 834 2292 vel
856 2232 1081 2293 ‘incommodare
1106 2232 1203 2291 alicui'
1224 2234 1293 2291 trin.
1315 2251 1342 2292 v.
1367 2235 1441 2292 136.

263 2317 342 2375 Pers.
358 2336 384 2375 v.
398 2321 469 2378 834.
483 2319 571 2379 Most.
580 2338 606 2378 v.
621 2321 693 2380 613.
716 2319 801 2389 Quod
814 2319 921 2377 attinet
934 2319 972 2377 ad
985 2319 1134 2378 notionem
1148 2319 1230 2377 verbi
1245 2319 1442 2391 improbare,

264 2419 349 2474 quam
372 2404 527 2476 Langenus
554 2423 612 2464 non
638 2405 726 2478 plane
753 2404 918 2463 consentire
944 2409 1042 2463 censet
1063 2421 1128 2462 cum
1155 2406 1274 2463 notione
1301 2405 1442 2464 adiectivi

184 2554 188 2562 ,
263 2487 432 2561 ‘improbus’
455 2491 633 2563 propiusque
658 2492 798 2550 accedere
824 2491 863 2550 ad
885 2493 952 2551 ‘non
977 2491 1119 2564 probare',
1147 2507 1264 2563 oppono
1290 2492 1442 2549 notionem

263 2575 345 2634 verbi
364 2575 549 2647 ‘improbare’
566 2594 624 2634 nou
645 2577 761 2648 longius
784 2577 921 2636 recedere
943 2578 980 2636 ab
1003 2578 1148 2636 adiectivo
1166 2576 1334 2649 ,improbus’
1353 2594 1441 2648 qnam

263 2658 406 2731 ‘probare'
425 2678 443 2718 a
461 2662 596 2733 ‘probus’,
619 2679 705 2734 qnam
724 2662 760 2720 ob
783 2679 845 2720 rem
868 2663 923 2721 hoc
940 2663 1060 2722 verbum
1079 2663 1116 2721 ab
1138 2663 1203 2734 ipso
1222 2663 1367 2722 adiectivo
1391 2679 1443 2722 ne·

263 2746 362 2816 gativ'o
390 2747 555 2818 profectum
578 2765 640 2808 asse
663 2749 800 2808 dicemus.
849 2747 930 2806 Inter
953 2748 1095 2808 Odoiredi
1120 2749 1211 2818 igitur
1233 2749 1352 2807 Mtlleri
1375 2765 1442 2807 sen-

264 2833 386 2910 tentiam
409 2837 438 2891 et
459 2833 520 2892 Pet.
543 2834 676 2906 Langeni
697 2834 794 2892 media
816 2839 860 2892 cst
882 2833 1073 2893 incedendum
1090 2834 1147 2905 via,
1170 2835 1213 2891 ita
1234 2840 1267 2892 ut
1288 2835 1319 2892 in
1340 2835 1442 2892 verbis
1530 2895 1532 2908 ἢ

264 2917 408 2990 negativis
431 2919 629 2978 existimemus
651 2920 836 2991 negationem
858 2920 959 2991 utique
980 2920 1128 2993 pertinere
1149 2924 1264 2978 tantum
1285 2921 1324 2978 ad
1342 2921 1442 2979 adiec-

263 3003 368 3076 tivum‚
392 3005 443 3065 sed
466 3005 563 3064 omnia
584 3006 674 3064 verba
695 3005 833 3076 negativa
855 3006 928 3076 ipsis
950 3008 987 3065 ab
1010 3005 1162 3065 adieetivis
1185 3007 1329 3078 negativis
1353 3007 1443 3064 ducta

265 3105 329 3148 esse
351 3105 496 3161 negemus.
519 3123 558 3133 -

351 3175 422 3234 Cum
444 3177 491 3235 ‘in’
513 3177 648 3248 negativo
667 3193 684 3234 a
701 3176 847 3248 principio
866 3182 1078 3248 componuntnr
1100 3177 1216 3237 nonnisi
1231 3177 1384 3254 adiectiva,
1402 3179 1442 3236 ad

264 3277 338 3332 quae
359 3267 487 3322 nauseo.

674 3443 716 3511 B.
748 3444 798 3510 Ile
821 3445 1020 3512 adlectivis.

350 3604 381 3682 a)
400 3603 555 3663 Adiectiva
581 3603 718 3674 negativa
743 3604 823 3675 apud
850 3575 1017 3663 Sallustium
1044 3604 1169 3676 primum
1195 3606 1332 3677 leguntur
1357 3607 1442 3665 haec:

224 3757 227 3764 .
264 3689 442 3760 incuriosus,
474 3690 685 3761 importuosus
717 3688 841 3760 intutus,
867 3689 981 3760 inquies
1008 3694 1038 3748 et
1063 3691 1221 3763 participia
1246 3691 1442 3751 incelebratus
1531 3681 1532 3686 ¹

265 3776 472 3846 immutilatae,
494 3775 673 3846 impollutus,
695 3775 829 3845 intectae,
853 3791 927 3846 quae
949 3775 1022 3836 alias
1044 3789 1112 3836 raro
1136 3777 1270 3836 adhibita
1292 3778 1390 3835 omnia
1412 3779 1441 3835 in

268 3861 383 3919 deliciis
406 3865 473 3918 sunt
496 3860 598 3919 Tacito
621 3865 739 3931 praeter
761 3860 976 3920 immutilatos.
1001 3893 1039 3903 —
1238 3869 1247 3884 '

351 3946 383 4022 α)
404 3945 616 4010 incuriosus.
662 3945 728 4004 Sall
751 3945 819 4004 hist.
836 3945 887 4017 IV,
906 3948 946 4006 65
969 3947 1028 4024 (66)
1051 3949 1140 4006 statio
1163 3948 1312 4006 incuriosa
1330 3947 1394 4007 Liv.
1413 3950 1441 4018 8,

266 4033 315 4104 38,
334 4034 361 4090 2.
381 4033 430 4102 29,
449 4032 498 4104 32,
519 4033 537 4090 2
556 4030 640 4108 (adv.)
660 4031 733 4090 Plio.
752 4049 780 4089 n.
798 4032 825 4089 la
845 4032 893 4104 16,
913 4035 975 4092 110
992 4032 1076 4110 (adv.)
1094 4035 1173 4106 apud
1191 4034 1324 4092 Tacitum
1344 4035 1372 4107 1)
1388 4034 1441 4092 ab·

265 4119 360 4177 solute
378 4117 446 4176 hist
464 4117 488 4188 I,
504 4117 552 4186 34,
568 4117 616 4174 19.
638 4115 677 4188 Π,
693 4117 743 4176 88.
765 4116 819 4188 ΠΙ,
834 4119 861 4177 6.
884 4117 919 4189 V,
934 4121 982 4178 22.
1001 4133 1066 4178 ann.
1084 4119 1134 4190 VI,
1154 4123 1202 4178 17.
1225 4120 1253 4195 2)
1271 4137 1335 4178 cum
1353 4137 1440 4191 genc-

265 4205 326 4264 tivo
350 4205 429 4275 apud
451 4203 586 4260 Tacitum
607 4202 732 4273 primum
754 4202 823 4274 Agr.
845 4206 871 4262 1.
895 4203 963 4262 hist.
985 4204 1009 4275 Ι,
1028 4205 1077 4263 49.
1099 4203 1153 4275 ΙΙΙ,
1172 4205 1222 4264 56.
1245 4205 1372 4277 ann.'II,
1390 4207 1440 4264 88.

265 4288 315 4359 IV,
331 4290 379 4350 32.
406 4287 469 4362 XV,
488 4289 537 4360 31,
556 4289 585 4363 3)
611 4303 676 4346 cum
705 4289 804 4348 dativo
831 4289 898 4347 hist.
922 4289 959 4360 ΙΙ,
979 4291 1025 4348 17.
1054 4306 1120 4348 ann.
1142 4290 1220 4361 XIV,
1240 4291 1288 4349 38.
1307 4323 1347 4334 -
1365 4291 1439 4349 Plin.

267 4391 311 4452 ep.
331 4376 359 4444 8,
380 4377 429 4445 20,
444 4377 474 4455 Ι1,.
507 4374 585 4432 Suet.
607 4372 680 4444 Aug.
705 4376 751 4432 79.
777 4373 859 4432 Galb.
883 4373 910 4433 3.
931 4374 1004 4432 Geli.
1023 4377 1051 4447 2,
1070 4376 1119 4434 28.
1138 4377 1166 4447 6,
1184 4378 1202 4433 5
1227 4393 1304 4449 saep.
