3086 5096
593 381 803 442 ..43-

108 553 136 610 b.
160 569 184 611 c.
209 555 236 623 1,
259 554 308 611 27.
340 555 367 624 2,
392 555 440 612 13.
473 554 500 624 3,
520 554 589 610 111.
608 585 648 594 -
666 552 797 611 involare
816 552 875 612 Cic.
899 553 935 610 de
952 556 1013 623 tog.
1032 553 1116 610 cand.
1135 551 1171 612 fr.
1193 553 1231 611 19
1245 551 1282 610 Κ.

108 669 149 680 -
174 637 258 696 illabi
281 638 316 696 dc
333 641 408 710 legg.
429 640 456 709 2,
477 639 525 709 15,
544 638 594 697 39.
614 669 653 679 -

194 725 282 797 Apud
303 723 472 783 Sallustium
494 723 618 795 primum
641 723 788 781 invenitur
809 722 923 780 insilire
946 739 970 782 c.
989 739 1049 784 ecc.
1067 723 1137 782 hist.
1154 723 1188 781 V.
1209 724 1227 780 3
1245 721 1284 798 (4)

4 849 5 876 ,
107 825 227 880 equum,
250 810 300 868 sed
324 809 479 868 Sallustius
501 809 606 866 horum
627 810 783 867 verborum
806 812 983 868 structuram
1004 808 1190 867 transitivam
1212 810 1283 866 ada·

4 969 5 972 )
106 899 182 963 met;
211 895 362 966 coniungit
385 895 461 953 enim
483 910 547 952 cum
569 894 736 952 accusatIvo
759 893 875 966 ingredi
896 893 1036 953 invadere
1056 894 1191 976 incedere
1212 893 1284 970 (tro-

106 979 182 1054 pice)
204 978 334 1038 insidere
355 980 498 1038 insultare
518 978 615 1054 (trop.)
637 979 803 1051 inrumpere
824 978 876 1056 (lg.
901 980 949 1050 25,
969 981 996 1038 9.
1015 981 1064 1050 58,
1085 979 1113 1054 1)
1133 981 1284 1038 incurrere

4 1055 6 1070 '
103 1064 183 1138 (hist.
207 1063 244 1123 fr.
268 1066 323 1123 inc.
347 1066 388 1124 64
410 1065 478 1141 (30).
521 1065 642 1123 Tacitus
668 1081 733 1124 oum
760 1082 795 1123 eo
821 1065 967 1123 consent't
992 1066 1023 1122 in
1051 1082 1106 1124 usu
1128 1066 1283 1123 verborum

104 1150 238 1208 insidere
259 1150 426 1223 inrumpere
446 1150 508 1225 (cfr.
532 1150 726 1224 Nipp-Andr.
749 1151 795 1209 ad.
820 1167 886 1208 ann.
906 1150 942 1220 Π,
962 1149 1011 1225 11)
1029 1151 1170 1210 insultare
1188 1149 1284 1210 incur-

105 1251 172 1294 rere
198 1236 275 1312 (ann.
303 1237 329 1307 1,
355 1237 404 1294 51.
426 1235 465 1307 H,
489 1235 549 1311 11);
580 1235 701 1293 verbnm
729 1235 881 1294 ‘incedere’
907 1236 985 1306 quod
1011 1238 1098 1307 vulgo
1110 1236 1130 1312 ¹)
1155 1239 1283 1293 tantum-

105 1323 195 1378 modo
219 1338 305 1380 sensu
328 1322 472 1379 translato
495 1319 649 1378 transitive
666 1326 832 1394 usurpatur,
855 1321 943 1379 etiam
962 1337 1048 1379 sensu
1065 1322 1186 1394 proprio
1205 1323 1284 1394 apud

105 1423 172 1464 eum
191 1407 280 1465 habet
298 1411 474 1465 structuram
492 1405 690 1464 transitivam:
707 1423 773 1465 ann.
791 1403 813 1476 Ι,
833 1408 871 1465 61
891 1405 1031 1464 incedunt
1048 1412 1176 1466 maestos
1193 1406 1283 1467 locos.

104 1491 183 1549 adde
205 1509 271 1551 ann.
293 1492 370 1562 XIV,
396 1494 433 1550 15
459 1508 602 1550 scaenam.
639 1494 680 1550 20
698 1491 821 1570 iontem3
844 1507 900 1562 quo
924 1492 1006 1550 verbi
1029 1492 1060 1550 in
1078 1510 1131 1550 usu
1150 1491 1284 1551 Tacitum

104 1577 200 1646 secuti
233 1583 301 1636 sunt
326 1577 459 1636 Justinus
491 1583 520 1635 et
546 1576 696 1650 Apuleius.
738 1577 854 1636 Primus
881 1577 997 1636 videtur
1024 1595 1088 1636 cum
1115 1577 1282 1637 accusativo

104 1661 284 1734 coniungere
305 1663 451 1721 ‘incidere’
472 1662 540 1722 hist.
562 1661 615 1733 III,
635 1664 674 1720 29
695 1679 767 1734 quos
786 1663 987 1722 inciderat-
1007 1668 1037 1722 et
1053 1663 1199 1737 ‘irrepere'
1215 1680 1281 1722 ann.

104 1747 155 1818 IV,
180 1750 198 1806 2
221 1748 362 1807 militares
385 1749 506 1807 animos.
723 1821 728 1830 Ι

178 1833 272 1892 λΗειθο
290 1849 405 1905 quoque
422 1833 513 1891 verba
531 1833 694 1905 composita
711 1834 748 1892 ab
769 1834 887 1906 optimis
906 1834 1100 1907 scriptoribus
1114 1852 1200 1894 sensu
1215 1852 1282 1907 pro-

103 1918 172 1990 prio
195 1919 333 1990 coniungi
356 1921 450 1978 solent
472 1935 537 1977 oum
560 1920 659 1978 dativo
682 1923 734 1976 aut
756 1935 820 1978 cum
842 1920 1075 1993 praepositione;
1097 1923 1177 1979 velut
1198 1920 1282 1978 verbi

103 2003 220 2062 ‘invehi’
243 2009 391 2064 structura
412 2003 581 2075 transitiva,
608 2004 634 2062 si
657 2020 742 2062 sensu
766 2007 887 2077 proprio
910 2005 1037 2078 ponitur,
1061 2007 1174 2064 demum
1197 2006 1282 2062 Livio

102 2089 222 2148 videtur
244 2091 274 2147 in
297 2108 351 2150 usu
374 2107 446 2148 esse.
491 2090 548 2148 Sed
570 2096 603 2148 ut
625 2092 704 2163 apud
726 2094 839 2149 veteres
861 2091 1089 2162 praepositionis
1112 2091 1170 2150 vim
1193 2091 1282 2148 etiam

102 2174 135 2232 in
157 2175 255 2234 verbis
274 2175 445 2248 compositis
463 2175 636 2234 validiorem
653 2174 745 2233 fuisse
767 2192 825 2234 non
848 2177 990 2234 absonum
1013 2182 1058 2234 est
1077 2176 1181 2248 dicere,
1204 2179 1282 2235 unde

102 2259 149 2331 fit,
177 2267 210 2317 ut
236 2261 394 2335 praecipue
420 2263 499 2335 apud
526 2277 576 2320 eos
604 2263 676 2320 haec
698 2263 787 2320 verba
810 2261 897 2320 etiam
920 2278 1007 2320 sensu
1029 2262 1150 2334 proprio
1173 2262 1282 2319 transi·
1392 2305 1397 2310 .

101 2345 163 2406 tive
190 2347 289 2419 posita
315 2347 508 2418 inveniamus,
536 2347 579 2406 ita
604 2347 768 2419 posteriore
794 2353 925 2420 tempore
951 2347 1099 2405 notionem
1126 2348 1282 2406 verborum

104 2431 334 2504 compositorum
352 2433 446 2506 ipsam
463 2431 573 2490 factam
592 2449 656 2492 esse
673 2433 774 2505 utique
790 2433 976 2492 transitivam
993 2432 1174 2506 putabimns;
1196 2449 1282 2490 aceu-

104 2517 217 2576 sativus
240 2517 332 2590 igitur
353 2518 390 2576 iis
414 2518 533 2577 additus
555 2523 600 2576 est
622 2519 781 2578 secundnm
804 2523 981 2576 structuram
1004 2520 1042 2577 ad
1061 2536 1186 2590 sensum,
1209 2535 1283 2590 quae

102 2607 235 2663 vocatur.
279 2603 413 2662 Ceterum
441 2605 597 2663 verborum
624 2603 852 2677 compositorum
878 2621 963 2663 usum
989 2604 1176 2663 transitivum
1204 2605 1283 2678 apud

101 2693 217 2746 veteres
240 2689 357 2748 omnino
381 2689 469 2747 latius
491 2690 622 2762 patuisse
646 2695 735 2749 testes
759 2695 826 2748 sunt
849 2691 937 2748 etiam
960 2692 1050 2749 verba
1071 2708 1136 2748 cum
1160 2707 1282 2763 praepo·

102 2774 210 2833 sitione
236 2775 292 2833 ‘ob'
319 2774 488 2848 composita.
532 2775 607 2833 Nam
633 2791 698 2834 cum
724 2775 756 2833 in
782 2793 837 2832 usu
864 2777 979 2847 vulgari
1006 2776 1065 2834 sint
1087 2777 1178 2834 verba
1200 2776 1283 2835 obire

102 2875 275 2930 oppugnare
292 2858 458 2934 obsidereil
476 2875 499 2918 c.
518 2876 586 2932 aec,
604 2861 727 2932 legimus
745 2863 824 2932 apud
840 2861 976 2919 Plautum
995 2878 1074 2919 merc
1100 2863 1171 2920 408.
1202 2861 1282 2920 Pers.
1380 2911 1383 2922 .

101 2947 165 3004 569
193 2950 346 3005 occentare
373 2945 487 3004 ostium.
532 2946 622 3004 Stich.
652 2947 713 3006 572
742 2951 895 3004 occentare
923 2964 1019 3005 senem
1052 2980 1090 2989 —
1115 2948 1173 3006 mil.
1199 2949 1281 3006 1047

102 3031 146 3088 ita
169 3047 214 3088 me
236 3035 392 3090 occursant
413 3031 529 3090 multae.
553 3065 592 3076 -
614 3031 703 3090 Poen.
728 3032 768 3089 14
791 3032 915 3103 obrepet
936 3039 965 3091 te
986 3031 1087 3092 fames
1108 3032 1281 3277 (addethrin.

103 3119 153 3175 61.
177 3115 256 3192 914),
279 3150 319 3160 -
342 3117 510 3175 Postericre
533 3118 647 3175 demum
674 3122 806 3191 tempore
829 3117 923 3176 simile
946 3119 1016 3190 quid
1039 3120 1184 3191 deprehen

103 3203 184 3274 apud
206 3203 390 3260 Ammianum
415 3202 463 3273 24,
487 3204 514 3274 2,
539 3204 556 3260 9
581 3202 709 3262 civitatis
731 3202 847 3262 moenia
870 3204 1050 3275 obequitare.

189 3286 218 3362 3)
240 3289 303 3347 sub.
337 3289 384 3345 Ex
413 3287 510 3346 verbis
543 3304 607 3346 cnm
639 3289 859 3362 praepositione
891 3291 964 3348 ‘snb'
995 3289 1165 3363 compositis
1192 3291 1279 3362 vulgo

102 3373 258 3432 transitive
289 3373 466 3433 adhibentur
494 3373 610 3432 ‘subire’
636 3380 666 3432 et
692 3376 872 3434 succedere.
917 3375 985 3433 Alia
1010 3392 1080 3434 rara
1106 3380 1175 3435 sunt
1202 3377 1282 3434 velut

103 3460 261 3530 subrepere
283 3460 359 3530 alqd.
399 3460 470 3517 Hor.
494 3465 547 3516 sat.
567 3461 594 3529 2,
614 3461 641 3532 6,
661 3462 724 3519 100
741 3495 783 3505 -
803 3461 954 3519 subsidere
972 3461 1050 3532 alqd.
1068 3463 1165 3537 (sensu
1182 3467 1280 3519 trans·
1361 3485 1363 3489 ·

103 3543 173 3620 lato)
194 3547 273 3618 apuu
294 3544 380 3616 serg.
398 3546 469 3603 Aen.
494 3546 542 3616 11,
562 3546 631 3604 aes.
667 3545 717 3604 su.
737 3547 785 3618 13,
805 3532 875 3604 2213
910 3547 958 3604 aa
977 3547 1197 3606 similitudinem
1215 3564 1281 3604 vcr-

102 3631 207 3688 borum
239 3629 356 3702 ,subirc’
385 3635 415 3688 et
445 3631 618 3688 ‘succedere’
645 3631 801 3690 Sallustius
833 3632 986 3705 usurpavit
1016 3634 1164 3704 ‘suggredi
1195 3633 1282 3704 alqd'

103 3716 172 3774 hist.
195 3715 245 3774 IV.
270 3717 308 3774 61
332 3714 393 3793 (68)
415 3715 528 3774 Stolide
550 3720 647 3774 castra
665 3733 846 3790 suggressus,
865 3750 905 3760 -
925 3719 1003 3789 quod
1020 3718 1142 3777 verbum
1160 3718 1280 3777 Tacitus

103 3802 140 3860 ab
168 3818 203 3859 ec
230 3806 379 3859 mutuatus
409 3807 507 3859 tamen
539 3819 597 3860 non
624 3804 723 3874 posuit
753 3802 811 3863 nisi
838 3804 973 3862 absolute
999 3809 1051 3861 aut
1077 3821 1142 3862 cum
1164 3804 1280 3864 dativo.

102 3886 313 3962 (ann.II,12.
344 3886 393 3958 IV,
416 3888 465 3946 47.
497 3885 581 3958 XIII,
605 3890 653 3947 57.
685 3887 764 3961 XIV,
787 3891 835 3949 37.
867 3889 929 3962 XV,
954 3889 1011 3965 11).
1034 3922 1073 3932 -

189 3975 218 4047 4)
240 3978 404 4045 ante-prae.
443 3972 488 4030 Ile
510 3973 607 4031 verbis
630 3976 789 4046 superandi
812 3993 876 4034 cum
898 3975 1168 4047 praepositionibus
1192 3974 1278 4032 ‘ante’

104 4064 133 4116 et
159 4060 247 4130 ‘prae’
275 4056 444 4131 compositis
472 4057 610 4129 quoniam
636 4061 802 4120 accuratius
830 4061 992 4134 disputavit
1015 4058 1211 4137 Seyffertus⁸)‚
1234 4060 1281 4131 iis,
1318 4041 1331 4062 ⁸

1218 3136 1281 3177 mus

103 4203 308 4212 —-.-—-—-—.-...

173 4281 193 4379 Ξ)
211 4279 272 4375 lude
289 4294 303 4326 a
322 4279 380 4330 Sall.
399 4277 442 4327 lV.
461 4278 571 4371 61119),
591 4277 623 4329 15
641 4280 724 4344 inopia
742 4281 829 4329 ambos
848 4279 961 4363 incessit.

174 4347 194 4480 l
212 4348 585 4470 llttlttffntfitltt
592 4348 878 4490 1111111110)
896 4350 1001 4400 aa..
1018 4357 1064 4402 ‘⁵²'
