3086 5096
750 401 961 468 ..52-

368 563 435 620 Sall.
465 563 511 619 Dc
527 568 585 621 situ
601 567 724 634 Africae.
959 569 1024 623 Tac.
1051 569 1096 624 De
1112 571 1170 623 sita
1186 570 1361 625 Britanniae.

265 648 303 716 lg.
325 653 370 711 17,
392 654 415 704 7.
451 649 506 704 Sed
528 653 574 719 qui
598 655 727 709 mortales
748 655 826 710 initio
878 657 942 724 Agr.
956 671 978 708 c.
995 657 1035 708 11.
1061 655 1188 710 Oeterum
1205 656 1375 710 Britanniam
1392 658 1442 724 qui

301 718 431 799 Africam
443 719 590 776 habuerint
612 723 713 792 quique
729 732 827 793 postea
911 723 1040 780 mortales
1052 725 1130 778 initio
1139 725 1281 786 coluerint,
1293 725 1440 792 indigenae

300 796 464 869 accesserint
488 796 537 843 aut
555 793 690 860 quomodo
707 794 779 848 iuter
797 810 826 848 se
912 810 948 846 an
965 793 1082 854 advecti,
1106 799 1137 846 ut
1154 794 1225 848 inter
1242 794 1373 848 barbaros
1390 810 1441 862 pa·

299 858 429 980 giermrxti
446 858 547 912 siut-
562 875 644 927 quam
655 863 826 931 paucissimis
910 878 972 915 rum
989 869 1166 930 compertum.

328 941 395 980 cam.

264 991 328 1050 ibid.
351 995 367 1064 §
390 997 414 1049 5.
446 996 522 1050 caelo
553 1003 683 1067 terraque
711 1001 827 1068 penuria
879 1015 900 1054 c.
919 1002 959 1053 12.
986 999 1087 1054 multus
1108 999 1206 1054 humor
1224 1005 1361 1054 terrarum
1379 1015 1444 1053 cae-

298 1079 440 1132 aquarum.
912 1068 993 1138 lique.

657 1240 693 1306 O.
726 1237 777 1305 lle
799 1241 1037 1308 orationibus.

349 1381 484 1440 Tacitum
511 1399 546 1440 ex
574 1381 705 1440 Sallustii
732 1382 916 1442 orationibus
937 1382 1030 1440 multa
1052 1381 1082 1439 in
1104 1398 1188 1440 usum
1211 1399 1294 1441 suum
1317 1399 1440 1442 eonver-

262 1467 335 1524 tisse
355 1467 415 1526 iam
437 1486 527 1540 supra
549 1469 618 1538 dixi,
640 1468 697 1526 etsi
724 1469 871 1528 orationes
893 1486 993 1528 eorum
1016 1484 1074 1526 non
1097 1485 1218 1540 prorsus
1235 1469 1336 1526 eodem
1355 1486 1441 1541 speo-

262 1558 333 1611 tant.
370 1554 525 1615 Sallustius
547 1554 624 1612 euim
646 1570 711 1611 cum
735 1555 883 1614 orationes
906 1556 1060 1627 plerasque
1079 1554 1196 1626 scriptis
1215 1554 1275 1612 suis
1292 1555 1439 1614 insereret

261 1656 326 1698 eum
349 1642 388 1701 ad
409 1638 504 1713 finem,
526 1646 560 1698 ut
581 1641 700 1711 ingenia
721 1657 876 1713 moresque
893 1641 1041 1700 hominum
1059 1641 1290 1699 memorabilium
1308 1643 1439 1712 posteris

259 1727 399 1797 traderet,
423 1744 507 1800 quem
527 1724 613 1785 finem
632 1731 762 1786 secutum
780 1745 812 1787 se
829 1744 893 1787 esse
910 1728 974 1800 ipse
991 1727 1139 1798 iudicavit,
1151 1722 1227 1784 'curn
1246 1727 1390 1785 scriberet
1406 1728 1439 1785 in

259 1812 301 1883 lg.
322 1813 371 1884 30,
390 1814 423 1872 4:
446 1813 512 1873 ‘Sed
530 1813 667 1886 quoniam
685 1829 720 1872 ea
737 1818 909 1886 tempestate
926 1814 1037 1872 Rornae
1053 1813 1183 1871 Memmii
1200 1811 1339 1871 facundia
1357 1815 1441 1884 clara

259 1899 430 1972 pollensque
455 1898 524 1971 fuit,
551 1901 654 1959 decere
681 1898 855 1960 existumavi
880 1917 967 1958 unam
989 1905 1107 1958 extem
1128 1899 1228 1957 multis
1251 1898 1438 1958 orationibus

259 1984 322 2043 eius
339 1985 540 2058 perscribere,
558 1985 717 2044 sententias
736 1991 824 2058 atque
840 1987 1008 2044 universum
1026 1986 1170 2044 orationis
1188 1985 1316 2044 colorem
1329 2002 1438 2057 magua

257 2087 322 2130 cum
341 2077 405 2131 arte
422 2073 461 2131 ad
479 2089 529 2132 eos
547 2072 788 2131 accommodavit.
824 2073 882 2132 Sed
899 2071 996 2130 Taciti
1014 2072 1163 2131 orationes
1181 2071 1329 2143 pertinent
1343 2074 1438 2130 multo

256 2158 350 2229 magis
376 2159 415 2218 ad
437 2158 635 2217 narrationem
657 2158 850 2230 pragmatice,
872 2163 905 2216 nt
927 2159 970 2217 ita
992 2158 1099 2231 dicam,
1127 2158 1310 2228 nectendam,
1337 2157 1381 2215 ita
1402 2162 1439 2215 ut

256 2259 304 2302 res
330 2244 413 2316 ipsae
439 2261 497 2316 quo
522 2245 554 2302 in
581 2247 660 2303 statu
686 2244 843 2316 unicuique
868 2245 958 2304 verba
979 2243 1101 2303 facienti
1122 2242 1243 2314 fuerint,
1274 2249 1304 2301 et
1328 2244 1437 2314 quibus

257 2329 380 2402 quisque
406 2331 502 2390 causis
528 2330 753 2402 rationibusque
778 2332 922 2393 adductus
948 2346 1092 2403 quamque
1117 2346 1178 2388 rem
1206 2334 1359 2387 exsecutus
1387 2331 1437 2401 sit,
1495 2396 1501 2404 ,

255 2415 426 2489 plerumque
452 2418 675 2477 demonstretur.
719 2416 776 2476 Sed
802 2434 867 2475 cnm
894 2417 960 2476 aliis
987 2415 1018 2474 in
1044 2416 1131 2475 rebus
1154 2422 1215 2474 tum
1238 2415 1268 2472 in
1291 2415 1436 2474 orationi-

256 2501 312 2560 bus
342 2503 462 2564 Tacitus
488 2521 548 2562 non
573 2503 651 2562 idem
679 2507 723 2561 est
749 2503 780 2560 iu
806 2503 925 2575 seriptis
950 2502 1112 2575 prioribus,
1144 2500 1193 2574 qui
1215 2501 1246 2558 in
1268 2501 1435 2560 annalibus.

257 2586 412 2648 Orationes
435 2589 519 2660 euim,
542 2605 617 2662 quae
639 2586 759 2647 suntin
781 2588 920 2659 Agricola
941 2600 971 2647 et
992 2588 1134 2661 historiis,
1157 2587 1286 2645 scholam
1308 2604 1434 2647 morem·

256 2689 312 2744 que
334 2675 512 2734 rhetoricum
533 2675 666 2734 redolent
688 2675 779 2733 multo
802 2675 909 2747 magis,
941 2691 1027 2746 quam
1045 2691 1117 2746 quas
1135 2673 1289 2732 annalibus
1307 2673 1435 2732 inseruit
1540 2685 1541 2712 1

255 2759 381 2821 Prorsus
404 2761 535 2820 Sallustii
556 2762 595 2821 ad
617 2761 779 2832 exemplum
801 2761 966 2836 composuit
987 2762 1135 2820 orationes
1154 2759 1273 2832 Calgaci
1295 2764 1325 2816 et
1340 2760 1435 2832 Agri-

256 2847 337 2906 colae
358 2845 438 2924 (Agr.
460 2863 484 2907 c.
507 2844 650 2924 30-32).

255 2994 314 3049 Cat.
328 2996 370 3058 58,
384 2998 418 3050 18
431 3011 470 3051 or.
485 2995 563 3050 Catil.
590 2995 666 3050 Cum
678 3011 726 3051 vos
739 3011 818 3050 con·
869 2997 934 3065 Agr.
948 3011 971 3049 c.
984 2999 1019 3049 30
1032 3010 1071 3050 or.
1086 2994 1160 3063 Galg.
1187 2993 1350 3061 Quotiens
1368 3009 1434 3048 cau·

290 3063 412 3127 sidero,
430 3065 538 3127 milites,
556 3071 584 3118 et
601 3081 662 3118 eum
679 3064 755 3119 facta
771 3081 817 3119 vo-

290 3141 348 3188 stra
370 3140 505 3195 aestumo,
531 3149 647 3201 magna
673 3149 720 3187 me
741 3148 817 3202 spes

290 3203 452 3258 victoriae
469 3208 570 3257 tenet.
607 3203 721 3256 Animus
740 3207 817 3256 aetas

289 3271 375 3327 virtus
392 3276 486 3326 vostra
503 3287 546 3326 me
563 3271 721 3332 hortantur,
738 3286 817 3338 prae·

290 3346 366 3395 terea
388 3339 611 3401 necessitudo,
639 3355 709 3406 quae
735 3339 817 3393 etiarn

161 3433 166 3443 ·
196 3455 206 3473 ,
288 3408 398 3464 timidos
416 3409 495 3464 fortis
513 3407 586 3461 facit.

254 3477 317 3533 hist.
329 3478 376 3532 IV.
392 3480 423 3532 61
439 3480 500 3546 (19),
516 3479 557 3529 17.
584 3478 628 3530 An
640 3476 750 3544 ignoras
762 3475 817 3530 Ro·

287 3562 383 3601 manos
402 3539 557 3615 'postquam
583 3543 619 3600 ad
642 3543 816 3600 Occidentem

288 3614 506 3736 pergentibus
536 3614 636 3667 finem
667 3614 816 3668 Oceanus

305 3684 382 3745 ecit,
409 3699 485 3738 arma
510 3683 564 3737 huc
591 3683 757 3736 convertisse
783 3711 816 3719 -

289 3767 377 3821 neque
395 3753 540 3820 quicquam
557 3750 609 3804 nisi
622 3756 756 3818 raptum
768 3750 817 3803 ha·

289 3821 355 3877 berc
373 3819 470 3886 quibus
489 3836 543 3875 non
560 3821 681 3873 humana
698 3819 755 3872 ulla
769 3833 816 3871 ne-

291 3901 343 3957 que
356 3889 447 3943 divina
461 3889 571 3945 obstant
581 3888 646 3956 quin
655 3887 743 3942 socios
752 3887 817 3942 ami·

291 3974 351 4020 cos,
377 3957 473 4026 procul
494 3958 572 4012 iuxta
594 3956 672 4017 sitos,
699 3955 816 4024 inopes

289 4031 511 4095 potentesque
532 4025 645 4080 trahant
662 4024 816 4079 excindant.

255 4093 292 4162 lg.
307 4097 348 4155 31,
368 4096 407 4148 11.
440 4094 516 4150 Servi
533 4109 595 4148 aere
613 4093 704 4161 parati
715 4092 817 4147 iniusta

289 4164 403 4231 imperia
416 4162 587 4218 dominorum
600 4177 655 4214 nou
663 4161 815 4229 perferunt:

289 4249 337 4286 vos
351 4232 470 4301 Quirites
487 4233 515 4286 in
529 4231 643 4300 imperio
657 4231 716 4285 nati
729 4245 816 4299 aequo

289 4301 380 4355 animo
397 4301 556 4357 servitutem
573 4299 715 4355 toleratis?

903 3079 948 3119 sas
974 3062 1038 3118 belli
1065 3071 1093 3118 et
1114 3062 1353 3118 necessitatem
1375 3079 1434 3118 no-

902 3139 1004 3187 stram
1026 3133 1170 3193 intueor,
1193 3146 1328 3202 magnus
1352 3131 1433 3185 mihi

903 3202 1028 3257 animus
1063 3207 1126 3262 est,
1165 3200 1325 3254 hodiernum
1359 3200 1433 3253 diem

902 3285 1117 3352 consensumque
1138 3275 1258 3323 vestrum
1270 3266 1377 3323 initium
1400 3269 1433 3322 li·
1538 3307 1539 3330 r

901 3339 1016 3394 bertatis
1029 3345 1081 3394 totr
1098 3338 1257 3392 Britanniae
1275 3337 1342 3392 fore.
1360 3367 1395 3376 -

867 3477 1032 3544 Raptores
1054 3475 1144 3531 orbis
1165 3480 1312 3544 postquam
1330 3479 1431 3530 cuncta

902 3544 1115 3600 vastantibus
1129 3543 1266 3598 defuere
1283 3550 1382 3606 terrae,
1402 3551 1432 3599 et

901 3627 976 3667 mare
1003 3619 1173 3676 scrutantur,
1203 3644 1235 3652 -
1262 3611 1432 3681 silocuplcs
1537 3639 1538 3660 r

902 3680 988 3736 hostis
1006 3687 1056 3743 cst,
1075 3683 1157 3744 avari,
1175 3681 1199 3737 si
1215 3696 1327 3750 pauper,
1347 3682 1433 3735 ambi-

903 3750 973 3811 tiosi,
983 3766 1053 3818 quos
1062 3767 1117 3804 non
1127 3749 1259 3806 Occidens
1268 3766 1323 3803 non
1333 3751 1432 3804 Oriens

903 3818 1053 3874 satiaverit:
1077 3820 1128 3875 soli
1138 3819 1263 3881 ¹omnium
1281 3833 1362 3886 opes
1380 3825 1433 3872 at-

902 3902 963 3967 que
980 3877 1150 3957 inopinari)
1163 3888 1228 3957 'pari
1240 3885 1351 3942 adiectu
1365 3902 1430 3942 con-

903 3963 1052 4024 cuprscunt.

869 4108 891 4147 c.
906 4096 948 4147 31.
974 4093 1048 4148 Nata
1060 4093 1186 4149 servituti
1197 4094 1332 4162 mancipia
1346 4094 1432 4149 semel

902 4168 1021 4216 veneunt
1030 4167 1113 4230 atque
1122 4162 1344 4217 ultroadominis
1354 4163 1433 4217 alum

903 4237 955 4284 tur.
994 4230 1137 4286 Britannia
1168 4231 1327 4286 servitutem
1353 4246 1433 4286 suam

902 4298 1013 4354 cottidie
1031 4301 1103 4362 emit,
1121 4300 1233 4355 cottidie
1250 4301 1345 4368 pascit.

326 4457 345 4521 ¹)
363 4459 407 4508 cfr.
426 4457 478 4508 Cat.
494 4459 534 4517 11,
552 4460 568 4509 3
587 4457 690 4507 avaritia
708 4471 789 4520 neque
807 4456 878 4520 copia
895 4469 977 4519 neque
994 4459 1077 4521 iuopia
1094 4459 1220 4508 minuitur.
