3086 5096
244 1421 318 1536 na
354 1420 509 1536 raaia
539 1389 728 1536 'anania
765 1423 1092 1536 sallustianis.

164 1787 298 1846 Tacitum
317 1786 447 1846 Sallustii
465 1787 628 1846 studiosum
650 1786 741 1846 fuisse
763 1786 821 1845 iam
844 1787 961 1858 Lipsius
985 1787 1170 1846 doctissimus
1193 1789 1254 1847 eius

80 1874 225 1945 interpres
248 1873 404 1932 intellexit:
432 1878 533 1930 nostra
555 1877 651 1932 aetate
674 1873 886 1944 similitudinis,
909 1889 983 1945 quae
1004 1874 1080 1932 inter
1103 1873 1255 1946 utriusque

82 1975 170 2030 genus
192 1959 307 2018 dicendi
322 1958 484 2029 intercedit,
503 1959 669 2017 memoriam
683 1958 835 2017 renovavit
848 1956 1041 2031 Teuffelius¹)‚
1060 1976 1145 2032 quem
1163 1961 1255 2018 secuti

81 2045 135 2102 viri
164 2045 246 2104 docti
272 2046 319 2102 hic
345 2044 405 2102 illie
431 2045 461 2100 in
489 2044 793 2114 commentationibus,
821 2059 892 2115 quas
920 2045 955 2102 de
977 2045 1114 2103 Sallustio
1141 2051 1192 2103 aut
1220 2047 1255 2104 de

82 2131 183 2188 Tacito
216 2131 407 2202 scripserunt,
439 2147 475 2187 ex
504 2135 628 2201 utroque
659 2129 767 2188 similes
799 2131 981 2187 contulerunt
1007 2129 1122 2207 iocosa)
1164 2132 1255 2189 Nemo

82 2222 178 2274 tamen
198 2217 240 2274 ita
256 2233 316 2275 rem
337 2216 471 2286 absolvit,
489 2221 522 2273 ut
540 2213 651 2286 effigies
670 2215 843 2274 imitationis
858 2215 1009 2274 Tacitinae
1022 2218 1107 2288 plene
1120 2233 1258 2288 expressa

84 2303 289 2373 subtiliterque
315 2301 535 2373 circumscripta
565 2302 711 2360 existeret.
763 2300 894 2374 Excepto
921 2303 997 2360 enim
1023 2301 1172 2374 Draegero
1199 2302 1256 2360 viri

84 2388 160 2447 docti
190 2405 301 2458 omnes,
329 2404 402 2459 quos
429 2386 525 2458 attuli,
557 2386 681 2446 maxime
707 2387 779 2445 artis
806 2386 926 2445 criticae
950 2387 1066 2447 ratione
1096 2388 1198 2446 habita
1224 2389 1254 2446 in

84 2473 225 2532 erationis
249 2490 347 2532 eorum
372 2472 589 2532 similitudinem
614 2471 835 2544 inquisiverunt,
853 2473 896 2532 ita
913 2478 947 2531 ut
963 2474 1132 2546 plerumque
1150 2473 1254 2532 mirum

83 2560 213 2618 locorum
232 2559 435 2618 nonnullorum
455 2575 625 2617 consensum
644 2559 716 2618 satis
734 2559 875 2617 haberent
893 2559 1066 2618 ostendisse:
1089 2560 1255 2632 Draegerus

83 2651 193 2716 autem,
220 2645 269 2716 qui
292 2644 435 2720 syntaxim
459 2661 559 2703 eorum
582 2644 662 2703 etin
685 2644 814 2703 editione
836 2645 984 2703 annalium
1007 2652 1036 2704 et
1057 2647 1088 2703 in
1111 2663 1255 2705 commen·

83 2732 195 2790 tatione
213 2729 363 2802 peculiari,
387 2747 472 2803 quam
490 2730 609 2802 scripsit
628 2731 663 2788 de
681 2730 796 2805 syntaxi
814 2731 940 2803 stiloque
958 2732 1101 2804 Tacitino,
1124 2732 1255 2791 erebrius
1288 2804 1290 2808 Ι

84 2816 112 2873 in
133 2817 382 2888 comparationem
405 2817 528 2886 vocavit,
551 2817 622 2874 satis
645 2819 736 2874 multa
753 2817 848 2876 minus
867 2822 1004 2876 accurate
1026 2817 1182 2888 explicavit
1203 2834 1257 2876 nec

85 2901 281 2972 quaestionem
305 2901 398 2973 ipsam
420 2907 471 2960 aut
492 2901 616 2974 perfecit
637 2908 688 2959 aut
710 2902 768 2961 sibi
788 2903 945 2974 proposuit
965 2901 1112 2974 perficere.
1134 2935 1176 2944 —
1199 2904 1256 2962 Sed

85 2987 231 3046 hocloco
257 2985 427 3046 Woelfflinii
454 2989 711 3046 commentationes
738 2988 768 3045 in
794 2988 1254 3062 Ρ1)1161.1ο111111.25,26,27

85 3078 201 3144 praeter
223 3078 268 3130 eet
269 3089 334 3132 eras
356 3073 527 3172 praedicare
548 3091 607 3132 non
629 3074 845 3146 supersedeam;
868 3074 918 3146 qui
936 3091 1109 3146 quamquam
1127 3075 1256 3135 ostendit

84 3160 239 3232 praecipue
261 3149 369 3229 gracia
393 3165 459 3218 orat
460 3159 535 3218 ionis
553 3159 647 3217 Tacit
626 3165 705 3218 tmae
723 3165 754 3217 at
756 3177 811 3232 que
828 3175 1001 3232 progressus
1024 3160 1092 3219 inde
1114 3161 1150 3218 ab
1169 3161 1256 3233 Agri·

84 3247 145 3302 cola
166 3261 260 3316 usque
279 3245 316 3304 ad
334 3243 420 3304 finem
438 3245 714 3316 annaliumtatmen
731 3263 796 3304 eum
814 3247 910 3304 Tacit'tr
928 3246 1123 3317 proprietates
1142 3264 1160 3304 a
1177 3264 1255 3305 com·

85 3331 160 3388 muni
178 3330 259 3388 illius
278 3331 367 3388 aetat
358 3347 384 3390 1s
402 3347 507 3403 genere
525 3331 640 3390 dicendi
661 3333 799 3391 recedent
786 3337 831 3390 tes
849 3331 1015 3392 accuratius
1034 3332 1256 3405 demonstraret,

84 3415 277 3476 Sallustianae
304 3432 419 3488 quoque
445 3422 474 3475 et
500 3417 651 3475 Tacitinae
682 3418 825 3477 orationis
856 3434 1028 3478 consensum
1059 3417 1167 3490 attigit.
1214 3419 1256 3478 Ut

84 3502 157 3560 enim
185 3517 285 3560 earum
313 3502 430 3561 dicendi
455 3502 681 3575 proprietatum,
701 3495 780 3575 'quas
807 3504 976 3576 Sallustius,
1003 3504 1085 3563 euius
1113 3503 1256 3562 erationis

85 3589 236 3647 audaciam
253 3587 339 3646 multi
356 3588 415 3647 iam
433 3593 562 3647 veterum
579 3590 835 3659 grammaticorum
854 3590 1047 3662 castigabant,
1066 3607 1157 3650 novas
1175 3589 1256 3650 vide·

151 3757 170 3816 ¹)
187 3754 375 3818 Uebersetzung
393 3757 438 3805 des
456 3757 557 3806 Tacitus
576 3773 599 3821 p.
619 3757 676 3807 131.

150 3823 305 3887 1136111616.
341 3825 440 3876 1111.Μ.
463 3825 525 3873 XVI
548 3842 571 3888 p.
595 3825 652 3877 319.
676 3851 708 3862 -
732 3824 830 3876 Gerber.
865 3827 902 3876 De
924 3827 1009 3876 Tacito
1031 3842 1115 3877 rerum
1138 3829 1258 3892 scriptore

86 3895 181 3955 qualem
195 3893 286 3942 bonurn
306 3901 426 3942 oratorem
444 3895 575 3956 requisivit
589 3895 761 3954 Quintilianus.
781 3922 813 3930 -
832 3893 973 3944 Leutsehau
988 3893 1061 3946 1861.
1096 3897 1176 3958 [Hanc
1190 3911 1258 3946 eom-

86 3962 258 4013 mentatiouem
272 3963 296 4010 in
310 3961 426 4010 manibus
440 3977 488 4010 non
502 3962 595 4026 habui]
611 3990 645 4012 .—
664 3960 801 4014 Woelfflin.
834 3962 920 4012 Pliilol.
934 3962 1028 4012 XXVI.
1047 3980 1071 4028 p.
1087 3964 1135 4014 121
1150 3980 1205 4028 sqq.
1224 3993 1256 4002 -

86 4029 124 4078 W.
142 4029 246 4080 Teuffel.
281 4030 342 4080 Ueb.
361 4028 419 4079 Sall.
438 4030 490 4078 und
508 4031 585 4079 Tacit.
626 4032 733 4094 Tubing.
754 4030 827 4082 1868.
851 4058 882 4066 -
906 4031 1023 4081 Eussner.
1059 4032 1257 4084 Exercitationes

86 4095 254 4148 Sallustianae.
281 4099 392 4148 Wirceb.
409 4097 531 4148 1868-
551 4099 656 4149 Urlichs.
688 4101 724 4149 116
738 4100 788 4148 vita
803 4099 975 4150 etlronoribus
989 4102 1128 4163 Agricolae
1159 4103 1258 4152 Wirce-

86 4166 154 4229 burgi
175 4164 420 4230 1868114611-
439 4167 472 4216 id.
509 4169 545 4216 116
562 4167 642 4217 Taciti
660 4169 710 4218 vita
728 4177 752 4217 et
769 4168 913 4217 honoribus.
951 4168 1024 4220 1879.
1060 4170 1133 4233 aaa
1150 4187 1205 4233 sqq.
1224 4193 1259 4208 -ε

87 4234 204 4286 Lauieck.
236 4235 271 4284 De
289 4235 347 4286 Sall.
366 4236 466 4298 ingenio
484 4241 536 4284 arte
553 4237 697 4299 rationeque
715 4236 822 4285 dicendi.
853 4225 992 4288 Α1111161161·
1011 4237 1132 4302 18731)
1135 4240 1204 4290 .3.1
1224 4267 1257 4276 -

89 4255 1257 4370 1111611161.Ζ61166111.1..1111616116111616616111.1871170461-11161111116

88 4371 194 4434 Spraehe
212 4372 256 4420 des
274 4372 383 4424 Tacitus
419 4373 600 4436 Prognamnnd.
615 4372 810 4423 Wdlilerst'ohat
838 4374 952 4424 Franco
967 4375 1084 4440 18791)
1086 4375 1183 4439 27611
1168 4393 1208 4439 q.q
1223 4359 1281 4420 -Ᾰ

88 4440 199 4502 Draeger.
234 4439 293 4490 1161).
313 4441 382 4503 Sunt.
402 4441 452 4489 und
471 4442 515 4492 Stil
534 4441 579 4490 des
597 4442 674 4491 Tacit.
712 4440 840 4505 188211).
861 4441 909 4493 126
928 4459 982 4507 sqq.

1012 4529 1045 4578 12

1226 4430 1354 4528 Q...
