3086 5096
751 447 963 514 -.11)-

266 619 417 695 Haasium,
440 622 490 696 qui
512 623 612 683 Latini
635 640 687 682 cur
706 629 735 683 et
752 623 951 683 accusativum
969 629 999 682 ct
1017 621 1146 684 dativum
1165 629 1194 683 et
1213 622 1458 697 praepositiones

265 711 360 768 isdem
381 711 478 770 verbis
501 709 678 782 addiderint,
701 725 818 770 causam
842 725 905 768 esse
927 710 1115 782 repetendam
1133 711 1248 768 censuit
1265 727 1327 769 non
1345 727 1365 768 a
1382 727 1459 784 pro-

267 795 334 867 prio
356 796 401 854 vel
423 796 568 854 translato
591 795 747 854 verborum
770 813 869 868 sensu,
898 796 948 854 sed
971 811 989 854 a
1010 794 1130 854 notione
1152 812 1274 854 casuum
1297 799 1459 868 praeposi-

265 881 422 953 tionisque.
467 881 602 940 Ceterum
625 897 743 940 causam
765 879 945 954 primariam,
967 895 1018 939 oar
1040 881 1225 939 aecusativus
1250 882 1351 940 verbis
1375 899 1459 941 com-

264 967 371 1038 positis
398 967 502 1025 addita
528 966 578 1037 sit,
606 965 733 1040 positam
760 983 825 1026 esse
846 966 878 1024 in
899 965 1127 1039 praepositionis
1150 967 1188 1036 vi,
1208 981 1284 1038 quae
1308 966 1400 1025 etiam
1424 969 1459 1026 in

264 1053 354 1111 verbo
377 1051 540 1124 composito
562 1052 661 1112 valida
682 1057 754 1123 erat,
777 1054 871 1111 elucet
892 1068 957 1110 cum
980 1068 1016 1111 ox
1038 1051 1194 1110 verborum
1217 1052 1457 1124 compositorum

265 1142 414 1196 structura
440 1136 609 1208 transitiva,
637 1138 662 1196 si
685 1154 771 1198 sensu
794 1136 915 1211 proprio
938 1137 969 1197 id
991 1141 1036 1196 est
1057 1135 1145 1195 locali
1168 1137 1368 1208 collocantur,
1391 1145 1457 1196 tum

264 1241 299 1282 ex
327 1229 476 1282 structura
503 1240 603 1282 eorum
631 1223 872 1296 compositorum,
902 1239 1024 1296 quorum
1050 1223 1141 1282 verba
1170 1221 1318 1294 simplicia
1342 1223 1459 1282 babent

266 1326 382 1368 sensum
405 1300 592 1368 transitivum
615 1310 694 1368 volut
715 1307 810 1368 Plaut.
833 1315 917 1368 most
941 1309 1002 1368 843
1026 1309 1081 1368 ebo
1104 1307 1192 1367 istum
1214 1324 1307 1379 puere
1327 1308 1458 1367 circum-

264 1396 337 1453 duce
359 1395 447 1453 hasce
469 1395 551 1455 aedis
573 1401 603 1453 et
624 1394 784 1454 conclavia.
820 1393 900 1453 Caes.
924 1393 952 1452 b.
974 1410 999 1452 c.
1022 1394 1050 1464 3,
1073 1395 1122 1464 61,
1147 1394 1161 1450 1
1188 1393 1275 1464 alqm.
1297 1395 1457 1465 praesidia

263 1481 491 1539 circumducere.
515 1514 554 1522 -
577 1480 603 1537 A
626 1497 713 1539 sensu
736 1479 892 1538 verborum
915 1479 1002 1537 locali
1026 1496 1090 1538 cum
1114 1476 1265 1552 profectus
1284 1486 1368 1538 esset
1387 1498 1457 1538 sen-

263 1584 312 1624 sus
334 1567 509 1637 translatae,
537 1579 595 1624 non
619 1564 840 1637 compositionis
864 1581 977 1644 eorum,
1005 1566 1056 1624 sed
1078 1569 1193 1623 tantum
1216 1563 1349 1623 notionis
1373 1568 1456 1624 ratio

262 1652 366 1711 habita
393 1657 446 1710 est.
490 1650 572 1722 Quae
594 1651 677 1709 notio
700 1665 764 1708 oum
787 1656 865 1709 esset
886 1649 1044 1709 transitiva
1053 1648 1081 1726 ¹),
1107 1650 1228 1708 verbum
1250 1651 1456 1722 compositum

263 1754 385 1809 prorsus
412 1753 467 1809 pro
489 1735 646 1796 transitivo
668 1734 866 1794 adhibebatur
887 1735 930 1793 ita
952 1740 985 1793 ut
1006 1735 1192 1794 accusativus
1220 1734 1248 1792 ei
1270 1736 1455 1808 adiungere-

261 1829 311 1881 tur
333 1840 387 1895 pro
411 1839 480 1880 casu
504 1822 661 1881 obiectivo.
697 1820 798 1892 Neque
821 1820 846 1878 si
864 1821 937 1880 haec
954 1822 1044 1879 verba
1062 1837 1150 1881 sensu
1168 1820 1256 1878 locali
1274 1836 1341 1880 cum
1360 1839 1455 1880 accu-

263 1909 358 1968 sativo
380 1907 646 1980 emungebantur,
673 1907 774 1966 Latini
800 1909 904 1979 postea
927 1906 985 1965 sibi
1007 1907 1118 1966 conscii
1141 1911 1226 1965 erant
1246 1906 1325 1965 hanc
1349 1913 1454 1967 struc—
1539 1967 1540 1972 ,

261 1999 358 2052 turam
383 1991 567 2053 referendam
594 2009 659 2053 esse
685 1993 724 2051 ad
750 1991 979 2064 praepositionis
1005 1990 1076 2064 vim,
1103 1993 1154 2052 sed
1177 2009 1241 2050 cum
1265 1998 1453 2053 structuram

262 2097 363 2138 eorum
390 2079 556 2151 acciperent
578 2096 632 2153 pro
653 2078 824 2148 transitiva,
852 2077 939 2138 etiam
962 2077 1110 2149 passivum
1132 2077 1330 2150 personaliter
1354 2078 1453 2152 linge-

261 2166 342 2224 bant.
387 2164 467 2236 Quae
494 2180 559 2224 eum
585 2165 629 2223 ita
656 2165 727 2234 sint,
743 2167 920 2237 ¹structurae
945 2163 1101 2221 verborum
1124 2163 1358 2234 compositorum
1381 2181 1453 2224 cnm

261 2249 430 2310 accusativo
453 2250 553 2310 dativo
576 2248 845 2322 praepositionibus
869 2248 1013 2320 quomodo
1041 2249 1118 2306 inter
1145 2265 1176 2308 se
1199 2246 1346 2320 differant,
1370 2251 1454 2309 dilu-

262 2336 359 2395 cidum
386 2342 440 2396 est.
484 2337 639 2396 Structura
666 2333 823 2393 transitiva
849 2331 1071 2405 significabatur
1093 2335 1170 2393 inter
1192 2333 1339 2392 actionem
1362 2338 1455 2395 verbi

261 2421 438 2500 (motionem)
460 2421 672 2493 obiectumque,
694 2421 734 2479 ad
757 2421 835 2491 qnod
853 2420 931 2478 aetio
949 2418 1060 2495 (motio)
1077 2419 1247 2492 pertineret,
1270 2421 1363 2478 multo
1383 2439 1456 2480 esse

263 2507 357 2566 artius
380 2507 535 2578 vinculum,
559 2523 645 2578 quam
668 2505 693 2565 si
717 2505 834 2564 dativus
856 2506 901 2563 vel
924 2505 1104 2578 praepositio
1127 2521 1163 2563 ex
1184 2506 1275 2563 verbo
1295 2506 1456 2578 penderet,

262 2594 399 2666 quoniam
436 2593 620 2652 accusativus
656 2595 721 2650 orat
752 2607 836 2650 casus
868 2591 1039 2651 obiectivus.
1086 2591 1211 2650 Dativus
1244 2595 1342 2648 autem
1375 2593 1457 2651 nihil

261 2679 342 2738 aliud
360 2678 545 2752 significabat
563 2678 620 2736 nisi
638 2675 961 2751 appropinquationem,
982 2676 1217 2748 praepositiones
1233 2682 1332 2734 autem
1352 2677 1457 2736 direc-

261 2766 380 2825 tionem.
425 2766 554 2824 ‘Adnare
584 2764 683 2822 naves’
714 2762 791 2821 idem
815 2767 860 2820 est
881 2778 916 2820 ac
938 2778 1026 2820 navos
1049 2764 1147 2820 nando
1170 2761 1303 2832 assequi,
1327 2764 1457 2822 ‘adnare

261 2851 395 2910 navibus'
425 2851 550 2910 navibus
577 2850 674 2908 nando
702 2847 938 2922 appropinquare
965 2848 1011 2905 vel
1038 2864 1088 2906 eas
1115 2852 1227 2921 petere,
1259 2847 1381 2906 ‘adnare
1414 2851 1456 2908 ad

261 2938 359 2996 naves’
381 2938 420 2996 ad
434 2953 530 3004 ,naves
552 2951 654 2994 versus
678 2951 757 2993 nare.
781 2965 821 2975 -

345 3024 392 3081 Ex
413 3022 509 3081 verbis
533 3020 704 3093 compositis
721 3018 904 3078 accusativus
922 3018 1009 3088 vulgo
1028 3017 1142 3076 accedit
1159 3019 1198 3076 ad
1215 3033 1258 3089 ea,
1282 3034 1358 3089 quae
1377 3034 1450 3080 cum

260 3108 530 3182 praepositionibus
552 3107 992 3202 circum-per-praeter·trans
1015 3100 1177 3174 composita
1194 3108 1271 3162 snut.
1291 3139 1332 3150 -
1351 3105 1448 3177 Apud
1537 3141 1538 3176 1

260 3201 374 3254 veteres
404 3193 565 3266 reporimus
586 3192 669 3265 -alqd
697 3191 851 3250 circumrre
878 3187 1121 3248 circumvectitari
1147 3187 1251 3264 (Plaut.
1280 3191 1345 3248 rud.
1371 3190 1452 3266 933)
1537 3211 1538 3220 ’

261 3281 490 3339 circumcursare
518 3279 623 3356 (Plaut.
651 3277 716 3336 rod.
745 3273 816 3351 233)
846 3274 1048 3334 circumfluere
1079 3274 1311 3333 circummoeniti
1344 3293 1453 3336 snmus

259 3367 363 3442 (Plaut.
387 3369 463 3437 capt
487 3362 569 3439 254),
597 3364 676 3436 apud
705 3377 813 3420 aureae
840 3360 946 3420 aetatis
969 3359 1128 3431 scriptores
1152 3360 1363 3419 circumvenire
1387 3363 1448 3420 cir·

261 3452 371 3512 cumire
401 3451 613 3510 circumsedere
644 3447 835 3506 circumstare
867 3445 1082 3505 circumsistere
1110 3445 1328 3504 circumsonare
1356 3447 1452 3520 alqd.,

261 3536 454 3597 circumfundi
485 3533 587 3612 (Caes.)
619 3531 796 3592 circumflari
827 3530 896 3608 (Cic.
922 3530 1006 3590 Verr.
1029 3533 1060 3603 2,
1089 3529 1148 3604 98).
1191 3530 1290 3602 Nepos
1318 3541 1451 3604 usurpat

260 3623 371 3696 primus
391 3621 567 3682 circumvehi
585 3620 672 3691 alqd.,
691 3617 847 3676 Sallustius
867 3617 1073 3676 circumsidere
1091 3616 1168 3687 alqd
1186 3614 1238 3693 (lg.
1258 3617 1308 3685 21,
1328 3617 1356 3676 3.
1380 3617 1451 3678 Liv.

262 3710 310 3780 23,
334 3711 383 3779 30,
406 3710 426 3767 6
449 3707 496 3784 al.)
518 3713 548 3767 ot
570 3703 764 3777 circumgredi
788 3704 864 3775 alqd.
886 3701 963 3776 (hist.
985 3701 1036 3761 IV.
1055 3703 1093 3761 61
1114 3698 1182 3777 [19],
1202 3699 1259 3776 21),
1279 3701 1358 3772 quod
1380 3719 1451 3762 ver-

259 3796 328 3853 bum
351 3810 410 3852 una
433 3810 498 3852 oum
520 3793 582 3852 eius
606 3796 755 3850 structura
776 3787 932 3848 transitiva
954 3787 1117 3860 posteriore
1139 3791 1271 3857 tempore
1292 3790 1467 3848 revocavit

260 3859 381 3939 userius
406 3879 481 3952 (ann.
506 3878 528 3950 1,
553 3880 601 3938 oc.
631 3877 668 3948 11,
693 3878 742 3934 17.
765 3876 814 3933 as.
841 3873 891 3945 ru,
915 3873 965 3932 va.
992 3871 1061 3943 xm,
1084 3870 1134 3947 ae)
1156 3871 1263 3930 saeuos
1285 3871 1450 3934 Ammiano

259 3967 318 4042 (16,
343 3967 391 4034 12,
410 3963 461 4039 59)
483 3969 512 4022 et
534 3963 655 4022 Aurelio
674 3961 794 4019 Victore
808 3958 901 4032 (Caes.
921 3959 959 4017 21
980 3956 1017 4030 5),
1040 3955 1171 4017 Sallustii
1190 3956 1345 4028 Tacitiquo
1362 3976 1450 4019 ama-

259 4052 384 4111 toribus
419 4051 507 4122 Apud
521 4047 682 4120 Vergilium
700 4045 826 4119 primum
844 4043 966 4117 legimus
985 4042 1219 4102 circumvolitare
1232 4043 1310 4113 alqd.
1323 4043 1448 4120 (Georg.
1535 4073 1536 4104 f

259 4135 381 4210 1,377),
403 4137 482 4209 apud
500 4133 656 4192 Horatium
680 4131 890 4192 circumvolare
912 4145 1041 4201 -gemero
1063 4129 1193 4200 -mugire
1211 4133 1341 4200 -tonare,
1364 4135 1450 4203 apud
1535 4127 1536 4176 1

329 4357 350 4419 ι)
367 4357 448 4406 Etiam
474 4356 605 4406 verborum
633 4367 690 4403 enm
717 4351 900 4417 praepositione
928 4351 977 4398 ‘ex'
1001 4349 1194 4412 compositorum
1217 4363 1274 4398 oum
1298 4353 1447 4403 accusativo

259 4434 399 4476 structmaa
418 4440 495 4474 causa
512 4425 595 4489 posita
613 4431 650 4472 cst
669 4423 694 4470 in
713 4423 813 4478 notione
832 4418 974 4482 superandi,
993 4432 1068 4480 quam
1086 4413 1149 4465 haec
1167 4419 1241 4467 verba
1260 4420 1448 4483 compositione

261 4496 393 4565 accipiunt.
411 4522 445 4532 -
