<?xml version="1.0" encoding="UTF-8"?>
<!DOCTYPE html PUBLIC "-//W3C//DTD XHTML 1.0 Transitional//EN"
    "http://www.w3.org/TR/xhtml1/DTD/xhtml1-transitional.dtd">
<html xmlns="http://www.w3.org/1999/xhtml" xml:lang="en" lang="en">
 <head>
  <title>
</title>
<meta http-equiv="Content-Type" content="text/html;charset=utf-8" />
  <meta name='ocr-system' content='tesseract 3.04.00' />
  <meta name='ocr-capabilities' content='ocr_page ocr_carea ocr_par ocr_line ocrx_word'/>
</head>
<body>
  <div class='ocr_page' id='page_1' title='image "./detacitistudiis01schogoog_0055.png"; bbox 0 0 3086 5096; ppageno 0'>
   <div class='ocr_carea' id='block_1_1' title="bbox 747 361 956 428">
    <p class='ocr_par' dir='ltr' id='par_1_1' title="bbox 747 361 956 428">
     <span class='ocr_line' id='line_1_1' title="bbox 747 361 956 428; baseline -0.019 -16"><span class='ocrx_word' id='word_1_1' title='bbox 747 361 956 428; x_wconf 72' lang='lat'><strong>..50-</strong></span> 
     </span>
    </p>
   </div>
   <div class='ocr_carea' id='block_1_2' title="bbox 263 535 1446 870">
    <p class='ocr_par' dir='ltr' id='par_1_2' title="bbox 264 535 1444 702">
     <span class='ocr_line' id='line_1_2' title="bbox 264 535 1443 612; baseline 0 -14"><span class='ocrx_word' id='word_1_2' title='bbox 264 538 441 610; x_wconf 86' lang='lat' dir='ltr'><strong>civitatis,</strong></span> <span class='ocrx_word' id='word_1_3' title='bbox 465 540 543 612; x_wconf 89' lang='lat' dir='ltr'><strong>qnod</strong></span> <span class='ocrx_word' id='word_1_4' title='bbox 561 539 658 600; x_wconf 85' lang='lat' dir='ltr'><strong>lacere</strong></span> <span class='ocrx_word' id='word_1_5' title='bbox 676 555 741 598; x_wconf 90' lang='lat' dir='ltr'><strong>enm</strong></span> <span class='ocrx_word' id='word_1_6' title='bbox 759 555 877 599; x_wconf 89' lang='lat' dir='ltr'><strong>necesse</strong></span> <span class='ocrx_word' id='word_1_7' title='bbox 893 535 1005 610; x_wconf 83' lang='lat' dir='ltr'><strong>inisset,</strong></span> <span class='ocrx_word' id='word_1_8' title='bbox 1023 537 1049 598; x_wconf 89' lang='lat' dir='ltr'><strong>si</strong></span> <span class='ocrx_word' id='word_1_9' title='bbox 1067 537 1237 598; x_wconf 87' lang='lat' dir='ltr'><strong>Sallustium</strong></span> <span class='ocrx_word' id='word_1_10' title='bbox 1254 541 1443 612; x_wconf 80' lang='lat' dir='ltr'><strong>respexisset.</strong></span> 
     </span>
     <span class='ocr_line' id='line_1_3' title="bbox 264 625 1444 702; baseline 0.001 -19"><span class='ocrx_word' id='word_1_11' title='bbox 264 625 357 698; x_wconf 78' lang='lat' dir='ltr'><strong>Quam</strong></span> <span class='ocrx_word' id='word_1_12' title='bbox 380 626 418 684; x_wconf 94' lang='lat' dir='ltr'><strong>ob</strong></span> <span class='ocrx_word' id='word_1_13' title='bbox 441 643 501 685; x_wconf 92' lang='lat' dir='ltr'><strong>rem</strong></span> <span class='ocrx_word' id='word_1_14' title='bbox 519 627 591 686; x_wconf 90' lang='lat' dir='ltr'><strong>mihi</strong></span> <span class='ocrx_word' id='word_1_15' title='bbox 609 627 725 686; x_wconf 90' lang='lat' dir='ltr'><strong>videtur</strong></span> <span class='ocrx_word' id='word_1_16' title='bbox 742 625 874 686; x_wconf 89' lang='lat' dir='ltr'><strong>imitatus</strong></span> <span class='ocrx_word' id='word_1_17' title='bbox 891 641 955 684; x_wconf 90' lang='lat' dir='ltr'><strong>esse</strong></span> <span class='ocrx_word' id='word_1_18' title='bbox 973 628 1086 684; x_wconf 90' lang='lat' dir='ltr'><strong>tantum</strong></span> <span class='ocrx_word' id='word_1_19' title='bbox 1103 627 1195 685; x_wconf 90' lang='lat' dir='ltr'><strong>verba</strong></span> <span class='ocrx_word' id='word_1_20' title='bbox 1212 625 1444 702; x_wconf 55' lang='grc'>88848141)-</span> 
     </span>
    </p>

    <p class='ocr_par' dir='ltr' id='par_1_3' title="bbox 263 709 1446 870">
     <span class='ocr_line' id='line_1_4' title="bbox 348 709 1446 784; baseline 0.001 -15"><span class='ocrx_word' id='word_1_21' title='bbox 348 711 472 772; x_wconf 81' lang='lat' dir='ltr'><strong>Accedit</strong></span> <span class='ocrx_word' id='word_1_22' title='bbox 488 713 577 784; x_wconf 90' lang='lat' dir='ltr'><strong>alind,</strong></span> <span class='ocrx_word' id='word_1_23' title='bbox 595 714 673 772; x_wconf 90' lang='lat' dir='ltr'><strong>unde</strong></span> <span class='ocrx_word' id='word_1_24' title='bbox 690 713 824 772; x_wconf 87' lang='lat' dir='ltr'><strong>Tacitum</strong></span> <span class='ocrx_word' id='word_1_25' title='bbox 838 709 970 771; x_wconf 81' lang='lat' dir='ltr'><strong>Sallustii</strong></span> <span class='ocrx_word' id='word_1_26' title='bbox 988 711 1163 782; x_wconf 92' lang='lat' dir='ltr'><strong>disponendi</strong></span> <span class='ocrx_word' id='word_1_27' title='bbox 1180 730 1291 771; x_wconf 90' lang='lat' dir='ltr'><strong>morem</strong></span> <span class='ocrx_word' id='word_1_28' title='bbox 1309 713 1342 770; x_wconf 93' lang='lat' dir='ltr'><strong>in</strong></span> <span class='ocrx_word' id='word_1_29' title='bbox 1359 730 1446 770; x_wconf 92' lang='lat' dir='ltr'><strong>nsum</strong></span> 
     </span>
     <span class='ocr_line' id='line_1_5' title="bbox 263 795 1446 870; baseline 0.003 -16"><span class='ocrx_word' id='word_1_30' title='bbox 263 813 347 855; x_wconf 89' lang='lat' dir='ltr'><strong>suum</strong></span> <span class='ocrx_word' id='word_1_31' title='bbox 370 799 549 857; x_wconf 91' lang='lat' dir='ltr'><strong>convertisse</strong></span> <span class='ocrx_word' id='word_1_32' title='bbox 570 799 754 858; x_wconf 80' lang='lat' dir='ltr'><strong>indicaveris.</strong></span> <span class='ocrx_word' id='word_1_33' title='bbox 792 797 946 857; x_wconf 83' lang='lat' dir='ltr'><strong>Formulas</strong></span> <span class='ocrx_word' id='word_1_34' title='bbox 968 795 1044 854; x_wconf 89' lang='lat' dir='ltr'><strong>cuim</strong></span> <span class='ocrx_word' id='word_1_35' title='bbox 1067 797 1192 870; x_wconf 87' lang='lat' dir='ltr'><strong>dicendi,</strong></span> <span class='ocrx_word' id='word_1_36' title='bbox 1214 798 1322 870; x_wconf 86' lang='lat' dir='ltr'><strong>quibus</strong></span> <span class='ocrx_word' id='word_1_37' title='bbox 1341 815 1446 857; x_wconf 84' lang='lat' dir='ltr'><strong>nama-</strong></span> 
     </span>
    </p>
   </div>
   <div class='ocr_carea' id='block_1_3' title="bbox 263 880 1530 958">
    <p class='ocr_par' dir='ltr' id='par_1_4' title="bbox 263 880 1530 958">
     <span class='ocr_line' id='line_1_6' title="bbox 263 880 1530 958; baseline 0.002 -18"><span class='ocrx_word' id='word_1_38' title='bbox 263 882 353 941; x_wconf 86' lang='lat' dir='ltr'><strong>tionis</strong></span> <span class='ocrx_word' id='word_1_39' title='bbox 376 900 492 942; x_wconf 90' lang='lat' dir='ltr'><strong>cursnm</strong></span> <span class='ocrx_word' id='word_1_40' title='bbox 514 889 646 956; x_wconf 87' lang='lat' dir='ltr'><strong>nectunt,</strong></span> <span class='ocrx_word' id='word_1_41' title='bbox 675 883 856 958; x_wconf 82' lang='lat' dir='ltr'><strong>egressiones</strong></span> <span class='ocrx_word' id='word_1_42' title='bbox 878 883 1010 941; x_wconf 87' lang='lat' dir='ltr'><strong>indicant</strong></span> <span class='ocrx_word' id='word_1_43' title='bbox 1031 887 1061 940; x_wconf 89' lang='lat' dir='ltr'><strong>et</strong></span> <span class='ocrx_word' id='word_1_44' title='bbox 1082 880 1194 956; x_wconf 89' lang='lat' dir='ltr'><strong>finiunt,</strong></span> <span class='ocrx_word' id='word_1_45' title='bbox 1217 885 1278 942; x_wconf 91' lang='lat' dir='ltr'><strong>alia</strong></span> <span class='ocrx_word' id='word_1_46' title='bbox 1300 885 1447 943; x_wconf 89' lang='lat' dir='ltr'><strong>eiusmodi</strong></span> <span class='ocrx_word' id='word_1_47' title='bbox 1529 921 1530 930; x_wconf 72' lang='lat'><strong>.</strong></span> 
     </span>
    </p>
   </div>
   <div class='ocr_carea' id='block_1_4' title="bbox 263 967 1447 1214">
    <p class='ocr_par' dir='ltr' id='par_1_5' title="bbox 263 967 1447 1214">
     <span class='ocr_line' id='line_1_7' title="bbox 263 967 1446 1043; baseline 0.001 -15"><span class='ocrx_word' id='word_1_48' title='bbox 263 968 411 1028; x_wconf 90' lang='lat' dir='ltr'><strong>simillima</strong></span> <span class='ocrx_word' id='word_1_49' title='bbox 437 970 574 1043; x_wconf 90' lang='lat' dir='ltr'><strong>reperies.</strong></span> <span class='ocrx_word' id='word_1_50' title='bbox 619 970 798 1042; x_wconf 79' lang='lat' dir='ltr'><strong>Quamquam</strong></span> <span class='ocrx_word' id='word_1_51' title='bbox 825 987 883 1029; x_wconf 93' lang='lat' dir='ltr'><strong>uon</strong></span> <span class='ocrx_word' id='word_1_52' title='bbox 907 985 1004 1028; x_wconf 92' lang='lat' dir='ltr'><strong>omues</strong></span> <span class='ocrx_word' id='word_1_53' title='bbox 1027 967 1180 1040; x_wconf 83' lang='lat' dir='ltr'><strong>formulas,</strong></span> <span class='ocrx_word' id='word_1_54' title='bbox 1203 986 1276 1041; x_wconf 91' lang='lat' dir='ltr'><strong>quas</strong></span> <span class='ocrx_word' id='word_1_55' title='bbox 1299 971 1446 1030; x_wconf 89' lang='lat' dir='ltr'><strong>allaturus</strong></span> 
     </span>
     <span class='ocr_line' id='line_1_8' title="bbox 264 1054 1446 1128; baseline 0 -14"><span class='ocrx_word' id='word_1_56' title='bbox 264 1071 341 1128; x_wconf 90' lang='lat' dir='ltr'><strong>sum,</strong></span> <span class='ocrx_word' id='word_1_57' title='bbox 368 1054 461 1127; x_wconf 88' lang='lat' dir='ltr'><strong>ipsius</strong></span> <span class='ocrx_word' id='word_1_58' title='bbox 484 1057 616 1116; x_wconf 82' lang='lat' dir='ltr'><strong>Sallustii</strong></span> <span class='ocrx_word' id='word_1_59' title='bbox 646 1057 685 1115; x_wconf 86' lang='lat' dir='ltr'><strong>ad</strong></span> <span class='ocrx_word' id='word_1_60' title='bbox 712 1055 904 1114; x_wconf 89' lang='lat' dir='ltr'><strong>imitationem</strong></span> <span class='ocrx_word' id='word_1_61' title='bbox 926 1070 1064 1113; x_wconf 85' lang='lat' dir='ltr'><strong>revocare</strong></span> <span class='ocrx_word' id='word_1_62' title='bbox 1086 1055 1251 1114; x_wconf 90' lang='lat' dir='ltr'><strong>necessario</strong></span> <span class='ocrx_word' id='word_1_63' title='bbox 1275 1056 1374 1115; x_wconf 88' lang='lat' dir='ltr'><strong>coacti</strong></span> <span class='ocrx_word' id='word_1_64' title='bbox 1396 1075 1446 1116; x_wconf 92' lang='lat' dir='ltr'><strong>sn-</strong></span> 
     </span>
     <span class='ocr_line' id='line_1_9' title="bbox 264 1140 1447 1214; baseline 0.002 -15"><span class='ocrx_word' id='word_1_65' title='bbox 264 1158 341 1212; x_wconf 66' lang='lat' dir='ltr'><strong>mus</strong></span> <span class='ocrx_word' id='word_1_66' title='bbox 367 1146 466 1200; x_wconf 90' lang='lat' dir='ltr'><strong>tamen</strong></span> <span class='ocrx_word' id='word_1_67' title='bbox 495 1143 520 1201; x_wconf 91' lang='lat' dir='ltr'><strong>si</strong></span> <span class='ocrx_word' id='word_1_68' title='bbox 546 1159 671 1214; x_wconf 77' lang='lat' dir='ltr'><strong>magnae</strong></span> <span class='ocrx_word' id='word_1_69' title='bbox 697 1141 896 1201; x_wconf 83' lang='lat' dir='ltr'><strong>similitudinis</strong></span> <span class='ocrx_word' id='word_1_70' title='bbox 918 1140 1061 1200; x_wconf 89' lang='lat' dir='ltr'><strong>rationem</strong></span> <span class='ocrx_word' id='word_1_71' title='bbox 1083 1141 1236 1213; x_wconf 89' lang='lat' dir='ltr'><strong>habemns,</strong></span> <span class='ocrx_word' id='word_1_72' title='bbox 1269 1158 1346 1213; x_wconf 84' lang='lat' dir='ltr'><strong>qnae</strong></span> <span class='ocrx_word' id='word_1_73' title='bbox 1367 1142 1447 1201; x_wconf 89' lang='lat' dir='ltr'><strong>iuter</strong></span> 
     </span>
    </p>
   </div>
   <div class='ocr_carea' id='block_1_5' title="bbox 264 1226 1531 1308">
    <p class='ocr_par' dir='ltr' id='par_1_6' title="bbox 264 1226 1531 1308">
     <span class='ocr_line' id='line_1_10' title="bbox 264 1226 1531 1308; baseline 0.001 -22"><span class='ocrx_word' id='word_1_74' title='bbox 264 1227 434 1286; x_wconf 86' lang='lat' dir='ltr'><strong>Sallustium</strong></span> <span class='ocrx_word' id='word_1_75' title='bbox 467 1233 496 1286; x_wconf 89' lang='lat' dir='ltr'><strong>ct</strong></span> <span class='ocrx_word' id='word_1_76' title='bbox 518 1227 652 1287; x_wconf 88' lang='lat' dir='ltr'><strong>Tacitum</strong></span> <span class='ocrx_word' id='word_1_77' title='bbox 677 1228 708 1286; x_wconf 90' lang='lat' dir='ltr'><strong>in</strong></span> <span class='ocrx_word' id='word_1_78' title='bbox 735 1227 791 1286; x_wconf 90' lang='lat' dir='ltr'><strong>hac</strong></span> <span class='ocrx_word' id='word_1_79' title='bbox 815 1243 848 1285; x_wconf 87' lang='lat' dir='ltr'><strong>re</strong></span> <span class='ocrx_word' id='word_1_80' title='bbox 874 1227 1041 1298; x_wconf 87' lang='lat' dir='ltr'><strong>intercedit,</strong></span> <span class='ocrx_word' id='word_1_81' title='bbox 1069 1226 1147 1285; x_wconf 93' lang='lat' dir='ltr'><strong>hnnc</strong></span> <span class='ocrx_word' id='word_1_82' title='bbox 1174 1227 1251 1286; x_wconf 92' lang='lat' dir='ltr'><strong>illius</strong></span> <span class='ocrx_word' id='word_1_83' title='bbox 1278 1229 1446 1300; x_wconf 84' lang='lat' dir='ltr'><strong>exemplum</strong></span> <span class='ocrx_word' id='word_1_84' title='bbox 1530 1277 1531 1308; x_wconf 62' lang='lat'><strong>,</strong></span> 
     </span>
    </p>
   </div>
   <div class='ocr_carea' id='block_1_6' title="bbox 263 1314 1452 2758">
    <p class='ocr_par' dir='ltr' id='par_1_7' title="bbox 264 1314 843 1374">
     <span class='ocr_line' id='line_1_11' title="bbox 264 1314 843 1374; baseline -0.003 0"><span class='ocrx_word' id='word_1_85' title='bbox 264 1319 395 1374; x_wconf 90' lang='lat' dir='ltr'><strong>scontnm</strong></span> <span class='ocrx_word' id='word_1_86' title='bbox 417 1329 481 1373; x_wconf 89' lang='lat' dir='ltr'><strong>esso</strong></span> <span class='ocrx_word' id='word_1_87' title='bbox 503 1315 575 1374; x_wconf 89' lang='lat' dir='ltr'><strong>satis</strong></span> <span class='ocrx_word' id='word_1_88' title='bbox 599 1319 684 1373; x_wconf 88' lang='lat' dir='ltr'><strong>cante</strong></span> <span class='ocrx_word' id='word_1_89' title='bbox 706 1314 843 1374; x_wconf 91' lang='lat' dir='ltr'><strong>dicemus.</strong></span> 
     </span>
    </p>

    <p class='ocr_par' dir='ltr' id='par_1_8' title="bbox 263 1397 1449 1815">
     <span class='ocr_line' id='line_1_12' title="bbox 351 1397 1449 1472; baseline 0.001 -15"><span class='ocrx_word' id='word_1_90' title='bbox 351 1398 547 1458; x_wconf 70' lang='lat' dir='ltr'><strong>conferantur</strong></span> <span class='ocrx_word' id='word_1_91' title='bbox 570 1401 638 1460; x_wconf 88' lang='lat' dir='ltr'><strong>Sall.</strong></span> <span class='ocrx_word' id='word_1_92' title='bbox 660 1401 702 1472; x_wconf 84' lang='lat' dir='ltr'><strong>ig.</strong></span> <span class='ocrx_word' id='word_1_93' title='bbox 726 1401 759 1470; x_wconf 90' lang='lat'><strong>5,</strong></span> <span class='ocrx_word' id='word_1_94' title='bbox 783 1402 798 1457; x_wconf 99' lang='lat'><strong>1</strong></span> <span class='ocrx_word' id='word_1_95' title='bbox 829 1399 936 1457; x_wconf 90' lang='lat' dir='ltr'><strong>bellum</strong></span> <span class='ocrx_word' id='word_1_96' title='bbox 959 1397 1122 1470; x_wconf 88' lang='lat' dir='ltr'><strong>scripturus</strong></span> <span class='ocrx_word' id='word_1_97' title='bbox 1144 1416 1207 1457; x_wconf 90' lang='lat' dir='ltr'><strong>snm</strong></span> <span class='ocrx_word' id='word_1_98' title='bbox 1226 1432 1266 1442; x_wconf 91' lang='lat'><strong>—</strong></span> <span class='ocrx_word' id='word_1_99' title='bbox 1286 1399 1449 1472; x_wconf 76' lang='lat' dir='ltr'><strong>qniatunc</strong></span> 
     </span>
     <span class='ocr_line' id='line_1_13' title="bbox 263 1484 1448 1560; baseline 0 -16"><span class='ocrx_word' id='word_1_100' title='bbox 263 1485 389 1559; x_wconf 88' lang='lat' dir='ltr'><strong>primum</strong></span> <span class='ocrx_word' id='word_1_101' title='bbox 420 1486 579 1560; x_wconf 84' lang='lat' dir='ltr'><strong>superbiae</strong></span> <span class='ocrx_word' id='word_1_102' title='bbox 605 1485 770 1545; x_wconf 87' lang='lat' dir='ltr'><strong>nobilitatis</strong></span> <span class='ocrx_word' id='word_1_103' title='bbox 795 1484 913 1544; x_wconf 90' lang='lat' dir='ltr'><strong>obviam</strong></span> <span class='ocrx_word' id='word_1_104' title='bbox 939 1484 1012 1542; x_wconf 88' lang='lat' dir='ltr'><strong>itum</strong></span> <span class='ocrx_word' id='word_1_105' title='bbox 1034 1489 1087 1542; x_wconf 89' lang='lat' dir='ltr'><strong>est.</strong></span> <span class='ocrx_word' id='word_1_106' title='bbox 1118 1484 1188 1556; x_wconf 78' lang='lat' dir='ltr'><strong>ngr.</strong></span> <span class='ocrx_word' id='word_1_107' title='bbox 1211 1502 1235 1543; x_wconf 94' lang='lat' dir='ltr'><strong>c.</strong></span> <span class='ocrx_word' id='word_1_108' title='bbox 1255 1487 1296 1544; x_wconf 94' lang='lat'><strong>10</strong></span> <span class='ocrx_word' id='word_1_109' title='bbox 1322 1485 1448 1545; x_wconf 88' lang='lat' dir='ltr'><strong>Britan-</strong></span> 
     </span>
     <span class='ocr_line' id='line_1_14' title="bbox 263 1568 1448 1644; baseline 0 -14"><span class='ocrx_word' id='word_1_110' title='bbox 263 1571 331 1630; x_wconf 88' lang='lat' dir='ltr'><strong>niae</strong></span> <span class='ocrx_word' id='word_1_111' title='bbox 353 1571 440 1630; x_wconf 89' lang='lat' dir='ltr'><strong>sitnm</strong></span> <span class='ocrx_word' id='word_1_112' title='bbox 462 1572 645 1644; x_wconf 92' lang='lat' dir='ltr'><strong>populusque</strong></span> <span class='ocrx_word' id='word_1_113' title='bbox 667 1569 814 1643; x_wconf 88' lang='lat' dir='ltr'><strong>proferam</strong></span> <span class='ocrx_word' id='word_1_114' title='bbox 833 1601 873 1613; x_wconf 90' lang='lat'><em>-</em></span> <span class='ocrx_word' id='word_1_115' title='bbox 892 1569 962 1642; x_wconf 87' lang='lat' dir='ltr'><strong>quia</strong></span> <span class='ocrx_word' id='word_1_116' title='bbox 983 1574 1044 1628; x_wconf 91' lang='lat' dir='ltr'><strong>tum</strong></span> <span class='ocrx_word' id='word_1_117' title='bbox 1061 1568 1187 1641; x_wconf 91' lang='lat' dir='ltr'><strong>primum</strong></span> <span class='ocrx_word' id='word_1_118' title='bbox 1205 1572 1374 1642; x_wconf 89' lang='lat' dir='ltr'><strong>perdomita</strong></span> <span class='ocrx_word' id='word_1_119' title='bbox 1392 1576 1448 1631; x_wconf 90' lang='lat' dir='ltr'><strong>est.</strong></span> 
     </span>
     <span class='ocr_line' id='line_1_15' title="bbox 263 1655 1447 1730; baseline 0 -14"><span class='ocrx_word' id='word_1_120' title='bbox 263 1675 331 1716; x_wconf 89' lang='lat' dir='ltr'><strong>ann.</strong></span> <span class='ocrx_word' id='word_1_121' title='bbox 353 1655 392 1728; x_wconf 88' lang='lat' dir='ltr'><strong>H,</strong></span> <span class='ocrx_word' id='word_1_122' title='bbox 416 1660 455 1717; x_wconf 91' lang='grc'><strong>27</strong></span> <span class='ocrx_word' id='word_1_123' title='bbox 484 1658 557 1720; x_wconf 86' lang='lat' dir='ltr'><strong>Eius</strong></span> <span class='ocrx_word' id='word_1_124' title='bbox 580 1657 692 1730; x_wconf 83' lang='lat' dir='ltr'><strong>negotii</strong></span> <span class='ocrx_word' id='word_1_125' title='bbox 714 1656 831 1715; x_wconf 89' lang='lat' dir='ltr'><strong>initium</strong></span> <span class='ocrx_word' id='word_1_126' title='bbox 853 1655 995 1716; x_wconf 86' lang='lat' dir='ltr'><strong>disseram</strong></span> <span class='ocrx_word' id='word_1_127' title='bbox 1018 1688 1057 1698; x_wconf 90' lang='lat'><em>-</em></span> <span class='ocrx_word' id='word_1_128' title='bbox 1082 1656 1151 1728; x_wconf 89' lang='lat' dir='ltr'><strong>qnia</strong></span> <span class='ocrx_word' id='word_1_129' title='bbox 1171 1661 1233 1715; x_wconf 89' lang='lat' dir='ltr'><strong>tum</strong></span> <span class='ocrx_word' id='word_1_130' title='bbox 1251 1657 1379 1728; x_wconf 91' lang='lat' dir='ltr'><strong>primum</strong></span> <span class='ocrx_word' id='word_1_131' title='bbox 1397 1671 1447 1716; x_wconf 92' lang='lat' dir='ltr'><strong>re-</strong></span> 
     </span>
     <span class='ocr_line' id='line_1_16' title="bbox 265 1747 1256 1815; baseline 0 -13"><span class='ocrx_word' id='word_1_132' title='bbox 265 1747 349 1815; x_wconf 87' lang='lat' dir='ltr'><strong>porta</strong></span> <span class='ocrx_word' id='word_1_133' title='bbox 371 1748 448 1802; x_wconf 85' lang='lat' dir='ltr'><strong>suut</strong></span> <span class='ocrx_word' id='word_1_134' title='bbox 636 1797 642 1806; x_wconf 85' lang='lat'><strong>.</strong></span> <span class='ocrx_word' id='word_1_135' title='bbox 1251 1793 1256 1802; x_wconf 95' lang='lat'><strong>.</strong></span> 
     </span>
    </p>

    <p class='ocr_par' dir='ltr' id='par_1_9' title="bbox 266 1826 1449 2072">
     <span class='ocr_line' id='line_1_17' title="bbox 351 1826 1449 1902; baseline 0.002 -16"><span class='ocrx_word' id='word_1_136' title='bbox 351 1828 418 1887; x_wconf 89' lang='lat' dir='ltr'><strong>Sall.</strong></span> <span class='ocrx_word' id='word_1_137' title='bbox 444 1827 487 1901; x_wconf 80' lang='lat' dir='ltr'><strong>Ig.</strong></span> <span class='ocrx_word' id='word_1_138' title='bbox 515 1830 550 1900; x_wconf 86' lang='lat'><strong>5,</strong></span> <span class='ocrx_word' id='word_1_139' title='bbox 579 1829 597 1888; x_wconf 86' lang='lat'><strong>3</strong></span> <span class='ocrx_word' id='word_1_140' title='bbox 623 1828 796 1900; x_wconf 86' lang='lat' dir='ltr'><strong>Priusquam</strong></span> <span class='ocrx_word' id='word_1_141' title='bbox 826 1827 948 1886; x_wconf 89' lang='lat' dir='ltr'><strong>huiusce</strong></span> <span class='ocrx_word' id='word_1_142' title='bbox 979 1827 1059 1886; x_wconf 91' lang='lat' dir='ltr'><strong>modi</strong></span> <span class='ocrx_word' id='word_1_143' title='bbox 1090 1826 1135 1886; x_wconf 90' lang='lat' dir='ltr'><strong>rei</strong></span> <span class='ocrx_word' id='word_1_144' title='bbox 1166 1826 1282 1886; x_wconf 88' lang='lat' dir='ltr'><strong>initium</strong></span> <span class='ocrx_word' id='word_1_145' title='bbox 1310 1829 1449 1902; x_wconf 84' lang='lat' dir='ltr'><strong>expedio.</strong></span> 
     </span>
     <span class='ocr_line' id='line_1_18' title="bbox 266 1912 1449 1986; baseline 0.001 -14"><span class='ocrx_word' id='word_1_146' title='bbox 266 1914 336 1973; x_wconf 88' lang='lat' dir='ltr'><strong>Tac.</strong></span> <span class='ocrx_word' id='word_1_147' title='bbox 358 1914 427 1973; x_wconf 92' lang='lat' dir='ltr'><strong>hist.</strong></span> <span class='ocrx_word' id='word_1_148' title='bbox 449 1915 473 1986; x_wconf 94' lang='grc' dir='ltr'><strong>Ι,</strong></span> <span class='ocrx_word' id='word_1_149' title='bbox 496 1916 534 1973; x_wconf 87' lang='lat'><strong>51</strong></span> <span class='ocrx_word' id='word_1_150' title='bbox 559 1930 636 1973; x_wconf 91' lang='lat' dir='ltr'><strong>nnnc</strong></span> <span class='ocrx_word' id='word_1_151' title='bbox 658 1914 744 1973; x_wconf 91' lang='lat' dir='ltr'><strong>initia</strong></span> <span class='ocrx_word' id='word_1_152' title='bbox 765 1918 861 1973; x_wconf 87' lang='lat' dir='ltr'><strong>motus</strong></span> <span class='ocrx_word' id='word_1_153' title='bbox 883 1912 1034 1972; x_wconf 89' lang='lat' dir='ltr'><strong>Vitelliani</strong></span> <span class='ocrx_word' id='word_1_154' title='bbox 1056 1913 1216 1985; x_wconf 83' lang='lat' dir='ltr'><strong>expediam.</strong></span> <span class='ocrx_word' id='word_1_155' title='bbox 1252 1915 1330 1974; x_wconf 87' lang='lat' dir='ltr'><strong>adde</strong></span> <span class='ocrx_word' id='word_1_156' title='bbox 1348 1915 1449 1974; x_wconf 84' lang='lat' dir='ltr'><strong>Germ.</strong></span> 
     </span>
     <span class='ocr_line' id='line_1_19' title="bbox 267 1999 857 2072; baseline -0.005 -12"><span class='ocrx_word' id='word_1_157' title='bbox 267 2003 316 2062; x_wconf 93' lang='grc'><strong>27.</strong></span> <span class='ocrx_word' id='word_1_158' title='bbox 350 2001 417 2059; x_wconf 86' lang='lat' dir='ltr'><strong>hist.</strong></span> <span class='ocrx_word' id='word_1_159' title='bbox 440 1999 490 2072; x_wconf 89' lang='lat' dir='ltr'><strong>IV,</strong></span> <span class='ocrx_word' id='word_1_160' title='bbox 514 2003 562 2058; x_wconf 92' lang='grc'><strong>12.</strong></span> <span class='ocrx_word' id='word_1_161' title='bbox 585 2000 635 2060; x_wconf 91' lang='lat'><strong>48.</strong></span> <span class='ocrx_word' id='word_1_162' title='bbox 667 2017 733 2060; x_wconf 84' lang='lat' dir='ltr'><strong>anm</strong></span> <span class='ocrx_word' id='word_1_163' title='bbox 756 1999 806 2071; x_wconf 91' lang='lat' dir='ltr'><strong>IV,</strong></span> <span class='ocrx_word' id='word_1_164' title='bbox 831 2001 857 2057; x_wconf 94' lang='lat'><strong>1.</strong></span> 
     </span>
    </p>

    <p class='ocr_par' dir='ltr' id='par_1_10' title="bbox 264 2083 1452 2758">
     <span class='ocr_line' id='line_1_20' title="bbox 351 2083 1448 2158; baseline 0 -13"><span class='ocrx_word' id='word_1_165' title='bbox 351 2085 420 2145; x_wconf 86' lang='lat' dir='ltr'><strong>Sall.</strong></span> <span class='ocrx_word' id='word_1_166' title='bbox 440 2083 482 2157; x_wconf 74' lang='lat' dir='ltr'><strong>lg.</strong></span> <span class='ocrx_word' id='word_1_167' title='bbox 506 2087 560 2158; x_wconf 86' lang='lat'><strong>95,</strong></span> <span class='ocrx_word' id='word_1_168' title='bbox 579 2088 597 2144; x_wconf 84' lang='lat'><strong>2</strong></span> <span class='ocrx_word' id='word_1_169' title='bbox 626 2086 682 2145; x_wconf 89' lang='lat' dir='ltr'><strong>Sed</strong></span> <span class='ocrx_word' id='word_1_170' title='bbox 709 2086 845 2158; x_wconf 90' lang='lat' dir='ltr'><strong>qnoniam</strong></span> <span class='ocrx_word' id='word_1_171' title='bbox 866 2101 920 2144; x_wconf 91' lang='lat' dir='ltr'><strong>nos</strong></span> <span class='ocrx_word' id='word_1_172' title='bbox 942 2083 1017 2142; x_wconf 88' lang='lat' dir='ltr'><strong>tanti</strong></span> <span class='ocrx_word' id='word_1_173' title='bbox 1039 2084 1096 2144; x_wconf 87' lang='lat' dir='ltr'><strong>viri</strong></span> <span class='ocrx_word' id='word_1_174' title='bbox 1117 2102 1164 2144; x_wconf 90' lang='lat' dir='ltr'><strong>res</strong></span> <span class='ocrx_word' id='word_1_175' title='bbox 1187 2083 1355 2158; x_wconf 85' lang='lat' dir='ltr'><strong>admonuit,</strong></span> <span class='ocrx_word' id='word_1_176' title='bbox 1381 2086 1448 2146; x_wconf 91' lang='lat' dir='ltr'><strong>ido·</strong></span> 
     </span>
     <span class='ocr_line' id='line_1_21' title="bbox 265 2169 1449 2244; baseline 0.003 -14"><span class='ocrx_word' id='word_1_177' title='bbox 265 2187 350 2230; x_wconf 92' lang='lat' dir='ltr'><strong>neum</strong></span> <span class='ocrx_word' id='word_1_178' title='bbox 372 2171 467 2232; x_wconf 88' lang='lat' dir='ltr'><strong>visum</strong></span> <span class='ocrx_word' id='word_1_179' title='bbox 496 2177 553 2244; x_wconf 90' lang='lat' dir='ltr'><strong>est,</strong></span> <span class='ocrx_word' id='word_1_180' title='bbox 580 2174 616 2230; x_wconf 93' lang='lat' dir='ltr'><strong>de</strong></span> <span class='ocrx_word' id='word_1_181' title='bbox 639 2177 745 2231; x_wconf 89' lang='lat' dir='ltr'><strong>natura</strong></span> <span class='ocrx_word' id='word_1_182' title='bbox 766 2171 902 2242; x_wconf 89' lang='lat' dir='ltr'><strong>cultuque</strong></span> <span class='ocrx_word' id='word_1_183' title='bbox 923 2169 986 2228; x_wconf 90' lang='lat' dir='ltr'><strong>eins</strong></span> <span class='ocrx_word' id='word_1_184' title='bbox 1008 2169 1109 2242; x_wconf 87' lang='lat' dir='ltr'><strong>paucis</strong></span> <span class='ocrx_word' id='word_1_185' title='bbox 1132 2170 1237 2230; x_wconf 88' lang='lat' dir='ltr'><strong>dicere.</strong></span> <span class='ocrx_word' id='word_1_186' title='bbox 1282 2172 1354 2230; x_wconf 88' lang='lat' dir='ltr'><strong>Tac.</strong></span> <span class='ocrx_word' id='word_1_187' title='bbox 1376 2171 1449 2233; x_wconf 90' lang='lat' dir='ltr'><strong>hist.</strong></span> 
     </span>
     <span class='ocr_line' id='line_1_22' title="bbox 264 2255 1449 2330; baseline 0.002 -15"><span class='ocrx_word' id='word_1_188' title='bbox 264 2257 316 2330; x_wconf 87' lang='lat' dir='ltr'><strong>IV,</strong></span> <span class='ocrx_word' id='word_1_189' title='bbox 337 2259 355 2316; x_wconf 85' lang='lat'><strong>5</strong></span> <span class='ocrx_word' id='word_1_190' title='bbox 384 2256 450 2316; x_wconf 90' lang='lat' dir='ltr'><strong>Res</strong></span> <span class='ocrx_word' id='word_1_191' title='bbox 473 2273 620 2330; x_wconf 88' lang='lat' dir='ltr'><strong>poscere</strong></span> <span class='ocrx_word' id='word_1_192' title='bbox 642 2258 795 2328; x_wconf 88' lang='lat' dir='ltr'><strong>videtur,</strong></span> <span class='ocrx_word' id='word_1_193' title='bbox 827 2255 992 2328; x_wconf 88' lang='lat' dir='ltr'><strong>qnoniam</strong></span> <span class='ocrx_word' id='word_1_194' title='bbox 1014 2255 1120 2314; x_wconf 88' lang='lat' dir='ltr'><strong>iterum</strong></span> <span class='ocrx_word' id='word_1_195' title='bbox 1141 2257 1173 2315; x_wconf 92' lang='lat' dir='ltr'><strong>in</strong></span> <span class='ocrx_word' id='word_1_196' title='bbox 1195 2257 1374 2316; x_wconf 88' lang='lat' dir='ltr'><strong>mentionem</strong></span> <span class='ocrx_word' id='word_1_197' title='bbox 1401 2259 1449 2317; x_wconf 91' lang='lat' dir='ltr'><strong>in-</strong></span> 
     </span>
     <span class='ocr_line' id='line_1_23' title="bbox 266 2340 1451 2416; baseline 0.001 -15"><span class='ocrx_word' id='word_1_198' title='bbox 266 2343 389 2402; x_wconf 89' lang='lat' dir='ltr'><strong>cidimus</strong></span> <span class='ocrx_word' id='word_1_199' title='bbox 416 2343 474 2402; x_wconf 90' lang='lat' dir='ltr'><strong>viri</strong></span> <span class='ocrx_word' id='word_1_200' title='bbox 502 2343 618 2415; x_wconf 85' lang='lat' dir='ltr'><strong>saepius</strong></span> <span class='ocrx_word' id='word_1_201' title='bbox 645 2341 836 2412; x_wconf 89' lang='lat' dir='ltr'><strong>memorandi,</strong></span> <span class='ocrx_word' id='word_1_202' title='bbox 868 2346 902 2399; x_wconf 89' lang='lat' dir='ltr'><strong>ut</strong></span> <span class='ocrx_word' id='word_1_203' title='bbox 927 2340 1017 2400; x_wconf 88' lang='lat' dir='ltr'><strong>vitam</strong></span> <span class='ocrx_word' id='word_1_204' title='bbox 1044 2340 1200 2414; x_wconf 90' lang='lat' dir='ltr'><strong>studiaque</strong></span> <span class='ocrx_word' id='word_1_205' title='bbox 1228 2344 1290 2402; x_wconf 90' lang='lat' dir='ltr'><strong>eius</strong></span> <span class='ocrx_word' id='word_1_206' title='bbox 1313 2347 1344 2402; x_wconf 84' lang='lat' dir='ltr'><strong>et</strong></span> <span class='ocrx_word' id='word_1_207' title='bbox 1367 2346 1451 2416; x_wconf 90' lang='lat' dir='ltr'><strong>quali</strong></span> 
     </span>
     <span class='ocr_line' id='line_1_24' title="bbox 266 2427 1450 2502; baseline 0.001 -14"><span class='ocrx_word' id='word_1_208' title='bbox 266 2428 386 2488; x_wconf 87' lang='lat' dir='ltr'><strong>fortuna</strong></span> <span class='ocrx_word' id='word_1_209' title='bbox 408 2429 447 2488; x_wconf 89' lang='lat' dir='ltr'><strong>sit</strong></span> <span class='ocrx_word' id='word_1_210' title='bbox 470 2446 549 2500; x_wconf 88' lang='lat' dir='ltr'><strong>usus,</strong></span> <span class='ocrx_word' id='word_1_211' title='bbox 571 2429 694 2501; x_wconf 87' lang='lat' dir='ltr'><strong>paucis</strong></span> <span class='ocrx_word' id='word_1_212' title='bbox 716 2431 880 2501; x_wconf 85' lang='lat' dir='ltr'><strong>repetam.</strong></span> <span class='ocrx_word' id='word_1_213' title='bbox 915 2427 992 2486; x_wconf 90' lang='lat' dir='ltr'><strong>adde</strong></span> <span class='ocrx_word' id='word_1_214' title='bbox 1013 2427 1081 2486; x_wconf 90' lang='lat' dir='ltr'><strong>Sall.</strong></span> <span class='ocrx_word' id='word_1_215' title='bbox 1105 2427 1166 2488; x_wconf 83' lang='lat' dir='ltr'><strong>Cat.</strong></span> <span class='ocrx_word' id='word_1_216' title='bbox 1185 2429 1213 2500; x_wconf 86' lang='lat'><strong>5,</strong></span> <span class='ocrx_word' id='word_1_217' title='bbox 1233 2431 1250 2487; x_wconf 86' lang='lat'>9</span> <span class='ocrx_word' id='word_1_218' title='bbox 1278 2429 1347 2489; x_wconf 87' lang='lat' dir='ltr'><strong>Res</strong></span> <span class='ocrx_word' id='word_1_219' title='bbox 1366 2431 1450 2502; x_wconf 86' lang='lat' dir='ltr'><strong>ipsa</strong></span> 
     </span>
     <span class='ocr_line' id='line_1_25' title="bbox 265 2511 1450 2588; baseline -0.001 -14"><span class='ocrx_word' id='word_1_220' title='bbox 265 2515 404 2574; x_wconf 90' lang='lat' dir='ltr'><strong>hortari</strong></span> <span class='ocrx_word' id='word_1_221' title='bbox 426 2514 583 2586; x_wconf 88' lang='lat' dir='ltr'><strong>videtur,</strong></span> <span class='ocrx_word' id='word_1_222' title='bbox 607 2514 772 2587; x_wconf 84' lang='lat' dir='ltr'><strong>quoniam</strong></span> <span class='ocrx_word' id='word_1_223' title='bbox 795 2515 830 2572; x_wconf 91' lang='lat' dir='ltr'><strong>do</strong></span> <span class='ocrx_word' id='word_1_224' title='bbox 851 2511 983 2586; x_wconf 86' lang='lat' dir='ltr'><strong>moribus</strong></span> <span class='ocrx_word' id='word_1_225' title='bbox 1005 2512 1133 2574; x_wconf 88' lang='lat' dir='ltr'><strong>civitatis</strong></span> <span class='ocrx_word' id='word_1_226' title='bbox 1151 2520 1265 2587; x_wconf 89' lang='lat' dir='ltr'><strong>tempus</strong></span> <span class='ocrx_word' id='word_1_227' title='bbox 1282 2516 1450 2588; x_wconf 88' lang='lat' dir='ltr'><strong>admonuit,</strong></span> 
     </span>
     <span class='ocr_line' id='line_1_26' title="bbox 266 2598 1450 2674; baseline 0 -14"><span class='ocrx_word' id='word_1_228' title='bbox 266 2617 371 2673; x_wconf 89' lang='lat' dir='ltr'><strong>snpra</strong></span> <span class='ocrx_word' id='word_1_229' title='bbox 393 2605 558 2674; x_wconf 89' lang='lat' dir='ltr'><strong>repetere</strong></span> <span class='ocrx_word' id='word_1_230' title='bbox 580 2617 615 2659; x_wconf 88' lang='lat' dir='ltr'><strong>ac</strong></span> <span class='ocrx_word' id='word_1_231' title='bbox 637 2599 759 2672; x_wconf 89' lang='lat' dir='ltr'><strong>paucis</strong></span> <span class='ocrx_word' id='word_1_232' title='bbox 783 2599 935 2658; x_wconf 90' lang='lat' dir='ltr'><strong>disserere.</strong></span> <span class='ocrx_word' id='word_1_233' title='bbox 969 2598 1013 2669; x_wconf 84' lang='lat' dir='ltr'><strong>Ig.</strong></span> <span class='ocrx_word' id='word_1_234' title='bbox 1035 2601 1063 2670; x_wconf 88' lang='lat'><strong>5,</strong></span> <span class='ocrx_word' id='word_1_235' title='bbox 1087 2601 1104 2658; x_wconf 87' lang='grc'><strong>3</strong></span> <span class='ocrx_word' id='word_1_236' title='bbox 1127 2616 1223 2672; x_wconf 89' lang='lat' dir='ltr'><strong>pauca</strong></span> <span class='ocrx_word' id='word_1_237' title='bbox 1245 2617 1337 2672; x_wconf 90' lang='lat' dir='ltr'><strong>snpra</strong></span> <span class='ocrx_word' id='word_1_238' title='bbox 1359 2619 1450 2674; x_wconf 92' lang='lat' dir='ltr'><strong>repe-</strong></span> 
     </span>
     <span class='ocr_line' id='line_1_27' title="bbox 266 2684 1452 2758; baseline 0.002 -13"><span class='ocrx_word' id='word_1_239' title='bbox 266 2692 334 2745; x_wconf 86' lang='lat' dir='ltr'><strong>tam.</strong></span> <span class='ocrx_word' id='word_1_240' title='bbox 370 2686 439 2745; x_wconf 91' lang='lat' dir='ltr'><strong>Tac.</strong></span> <span class='ocrx_word' id='word_1_241' title='bbox 461 2686 522 2744; x_wconf 89' lang='lat' dir='ltr'><strong>hist</strong></span> <span class='ocrx_word' id='word_1_242' title='bbox 542 2685 592 2758; x_wconf 88' lang='lat' dir='ltr'><strong>IV,</strong></span> <span class='ocrx_word' id='word_1_243' title='bbox 615 2687 655 2745; x_wconf 87' lang='grc'><strong>48</strong></span> <span class='ocrx_word' id='word_1_244' title='bbox 679 2687 704 2744; x_wconf 91' lang='lat' dir='ltr'><strong>si</strong></span> <span class='ocrx_word' id='word_1_245' title='bbox 726 2702 821 2758; x_wconf 89' lang='lat' dir='ltr'><strong>panca</strong></span> <span class='ocrx_word' id='word_1_246' title='bbox 839 2701 929 2756; x_wconf 90' lang='lat' dir='ltr'><strong>snpra</strong></span> <span class='ocrx_word' id='word_1_247' title='bbox 945 2684 1099 2755; x_wconf 85' lang='lat' dir='ltr'><strong>repetiere.</strong></span> <span class='ocrx_word' id='word_1_248' title='bbox 1135 2685 1202 2745; x_wconf 83' lang='lat' dir='ltr'><strong>hist</strong></span> <span class='ocrx_word' id='word_1_249' title='bbox 1220 2686 1259 2758; x_wconf 89' lang='lat' dir='ltr'><strong>H,</strong></span> <span class='ocrx_word' id='word_1_250' title='bbox 1279 2689 1319 2746; x_wconf 90' lang='grc'><strong>27</strong></span> <span class='ocrx_word' id='word_1_251' title='bbox 1341 2689 1452 2748; x_wconf 89' lang='lat' dir='ltr'><strong>altiore</strong></span> 
     </span>
    </p>
   </div>
   <div class='ocr_carea' id='block_1_7' title="bbox 266 2770 1451 2846">
    <p class='ocr_par' dir='ltr' id='par_1_11' title="bbox 266 2770 1451 2846">
     <span class='ocr_line' id='line_1_28' title="bbox 266 2770 1451 2846; baseline 0.001 -14"><span class='ocrx_word' id='word_1_252' title='bbox 266 2773 351 2832; x_wconf 89' lang='lat' dir='ltr'><strong>initio</strong></span> <span class='ocrx_word' id='word_1_253' title='bbox 379 2777 519 2845; x_wconf 88' lang='lat' dir='ltr'><strong>repetam.</strong></span> <span class='ocrx_word' id='word_1_254' title='bbox 556 2789 621 2830; x_wconf 89' lang='lat' dir='ltr'><strong>ann.</strong></span> <span class='ocrx_word' id='word_1_255' title='bbox 649 2771 703 2842; x_wconf 90' lang='grc' dir='ltr'><strong>ΙΠ,</strong></span> <span class='ocrx_word' id='word_1_256' title='bbox 726 2772 768 2830; x_wconf 86' lang='grc'><strong>24</strong></span> <span class='ocrx_word' id='word_1_257' title='bbox 793 2770 896 2843; x_wconf 89' lang='lat' dir='ltr'><strong>paucis</strong></span> <span class='ocrx_word' id='word_1_258' title='bbox 921 2775 1060 2842; x_wconf 87' lang='lat' dir='ltr'><strong>repetam.</strong></span> <span class='ocrx_word' id='word_1_259' title='bbox 1093 2770 1156 2843; x_wconf 87' lang='lat' dir='ltr'><strong>XV,</strong></span> <span class='ocrx_word' id='word_1_260' title='bbox 1180 2774 1219 2831; x_wconf 90' lang='grc'><strong>72</strong></span> <span class='ocrx_word' id='word_1_261' title='bbox 1242 2788 1340 2844; x_wconf 88' lang='lat' dir='ltr'><strong>pauca</strong></span> <span class='ocrx_word' id='word_1_262' title='bbox 1362 2791 1451 2846; x_wconf 90' lang='lat' dir='ltr'><strong>repe-</strong></span> 
     </span>
    </p>
   </div>
   <div class='ocr_carea' id='block_1_8' title="bbox 266 2857 1459 4129">
    <p class='ocr_par' dir='ltr' id='par_1_12' title="bbox 267 2857 1084 2931">
     <span class='ocr_line' id='line_1_29' title="bbox 267 2857 1084 2931; baseline -0.006 -14"><span class='ocrx_word' id='word_1_263' title='bbox 267 2864 336 2918; x_wconf 88' lang='lat' dir='ltr'><strong>tam.</strong></span> <span class='ocrx_word' id='word_1_264' title='bbox 372 2857 451 2928; x_wconf 85' lang='lat' dir='ltr'><strong>XVI,</strong></span> <span class='ocrx_word' id='word_1_265' title='bbox 476 2859 516 2916; x_wconf 82' lang='lat'><strong>18</strong></span> <span class='ocrx_word' id='word_1_266' title='bbox 538 2874 632 2929; x_wconf 88' lang='lat' dir='ltr'><strong>pauca</strong></span> <span class='ocrx_word' id='word_1_267' title='bbox 655 2873 744 2929; x_wconf 90' lang='lat' dir='ltr'><strong>supra</strong></span> <span class='ocrx_word' id='word_1_268' title='bbox 764 2857 923 2931; x_wconf 90' lang='lat' dir='ltr'><strong>repetenda</strong></span> <span class='ocrx_word' id='word_1_269' title='bbox 946 2860 1020 2914; x_wconf 90' lang='lat' dir='ltr'><strong>sunt.</strong></span> <span class='ocrx_word' id='word_1_270' title='bbox 1043 2887 1084 2898; x_wconf 90' lang='lat'><strong>-—</strong></span> 
     </span>
    </p>

    <p class='ocr_par' dir='ltr' id='par_1_13' title="bbox 266 2940 1453 3186">
     <span class='ocr_line' id='line_1_30' title="bbox 353 2940 1452 3017; baseline 0.003 -15"><span class='ocrx_word' id='word_1_271' title='bbox 353 2943 420 3002; x_wconf 89' lang='lat' dir='ltr'><strong>Sall.</strong></span> <span class='ocrx_word' id='word_1_272' title='bbox 445 2941 507 3001; x_wconf 82' lang='lat' dir='ltr'><strong>Cat.</strong></span> <span class='ocrx_word' id='word_1_273' title='bbox 530 2943 558 3014; x_wconf 87' lang='grc'><strong>4,</strong></span> <span class='ocrx_word' id='word_1_274' title='bbox 578 2945 596 3002; x_wconf 87' lang='grc'><strong>3</strong></span> <span class='ocrx_word' id='word_1_275' title='bbox 621 2944 657 3003; x_wconf 88' lang='lat' dir='ltr'><strong>de</strong></span> <span class='ocrx_word' id='word_1_276' title='bbox 675 2941 820 3002; x_wconf 80' lang='lat' dir='ltr'><strong>Catilinae</strong></span> <span class='ocrx_word' id='word_1_277' title='bbox 838 2940 1040 3000; x_wconf 88' lang='lat' dir='ltr'><strong>coniuratione</strong></span> <span class='ocrx_word' id='word_1_278' title='bbox 1058 2957 1144 3013; x_wconf 87' lang='lat' dir='ltr'><strong>qnam</strong></span> <span class='ocrx_word' id='word_1_279' title='bbox 1161 2942 1323 3003; x_wconf 88' lang='lat' dir='ltr'><strong>verissume</strong></span> <span class='ocrx_word' id='word_1_280' title='bbox 1341 2951 1452 3017; x_wconf 89' lang='lat' dir='ltr'><strong>potero</strong></span> 
     </span>
     <span class='ocr_line' id='line_1_31' title="bbox 268 3027 1453 3100; baseline 0.001 -11"><span class='ocrx_word' id='word_1_281' title='bbox 268 3030 371 3090; x_wconf 90' lang='lat' dir='ltr'><strong>dicam.</strong></span> <span class='ocrx_word' id='word_1_282' title='bbox 411 3029 474 3087; x_wconf 83' lang='lat' dir='ltr'><strong>Cat.</strong></span> <span class='ocrx_word' id='word_1_283' title='bbox 499 3028 548 3100; x_wconf 89' lang='lat'><strong>18,</strong></span> <span class='ocrx_word' id='word_1_284' title='bbox 572 3029 588 3085; x_wconf 95' lang='lat'><strong>1</strong></span> <span class='ocrx_word' id='word_1_285' title='bbox 618 3029 655 3088; x_wconf 91' lang='lat' dir='ltr'><strong>do</strong></span> <span class='ocrx_word' id='word_1_286' title='bbox 678 3045 735 3100; x_wconf 92' lang='lat' dir='ltr'><strong>qua</strong></span> <span class='ocrx_word' id='word_1_287' title='bbox 755 3045 789 3086; x_wconf 92' lang='lat' dir='ltr'><strong>re</strong></span> <span class='ocrx_word' id='word_1_288' title='bbox 811 3043 897 3099; x_wconf 90' lang='lat' dir='ltr'><strong>quam</strong></span> <span class='ocrx_word' id='word_1_289' title='bbox 919 3027 1079 3087; x_wconf 84' lang='lat' dir='ltr'><strong>verissume</strong></span> <span class='ocrx_word' id='word_1_290' title='bbox 1100 3032 1205 3099; x_wconf 89' lang='lat' dir='ltr'><strong>potero</strong></span> <span class='ocrx_word' id='word_1_291' title='bbox 1228 3029 1333 3089; x_wconf 90' lang='lat' dir='ltr'><strong>dicam.</strong></span> <span class='ocrx_word' id='word_1_292' title='bbox 1379 3033 1453 3091; x_wconf 87' lang='lat' dir='ltr'><strong>Tac.</strong></span> 
     </span>
     <span class='ocr_line' id='line_1_32' title="bbox 266 3111 1233 3186; baseline -0.003 -10"><span class='ocrx_word' id='word_1_293' title='bbox 266 3116 334 3176; x_wconf 82' lang='lat' dir='ltr'><strong>hist.</strong></span> <span class='ocrx_word' id='word_1_294' title='bbox 356 3113 408 3186; x_wconf 89' lang='lat' dir='ltr'><strong>IV,</strong></span> <span class='ocrx_word' id='word_1_295' title='bbox 429 3115 471 3173; x_wconf 85' lang='lat'><strong>48</strong></span> <span class='ocrx_word' id='word_1_296' title='bbox 492 3112 539 3171; x_wconf 90' lang='lat' dir='ltr'><strong>Ea</strong></span> <span class='ocrx_word' id='word_1_297' title='bbox 561 3114 597 3172; x_wconf 91' lang='lat' dir='ltr'><strong>de</strong></span> <span class='ocrx_word' id='word_1_298' title='bbox 618 3114 707 3173; x_wconf 91' lang='lat' dir='ltr'><strong>caede</strong></span> <span class='ocrx_word' id='word_1_299' title='bbox 729 3129 816 3186; x_wconf 88' lang='lat' dir='ltr'><strong>quam</strong></span> <span class='ocrx_word' id='word_1_300' title='bbox 836 3111 988 3171; x_wconf 90' lang='lat' dir='ltr'><strong>verissime</strong></span> <span class='ocrx_word' id='word_1_301' title='bbox 1009 3112 1169 3185; x_wconf 85' lang='lat' dir='ltr'><strong>expediam.</strong></span> <span class='ocrx_word' id='word_1_302' title='bbox 1193 3146 1233 3157; x_wconf 94' lang='lat'>-</span> 
     </span>
    </p>

    <p class='ocr_par' dir='ltr' id='par_1_14' title="bbox 268 3197 1457 3532">
     <span class='ocr_line' id='line_1_33' title="bbox 354 3197 1454 3272; baseline 0.003 -13"><span class='ocrx_word' id='word_1_303' title='bbox 354 3201 423 3259; x_wconf 87' lang='lat' dir='ltr'><strong>Sall.</strong></span> <span class='ocrx_word' id='word_1_304' title='bbox 445 3199 488 3271; x_wconf 80' lang='lat' dir='ltr'><strong>Ig.</strong></span> <span class='ocrx_word' id='word_1_305' title='bbox 506 3199 534 3270; x_wconf 84' lang='lat'><strong>4,</strong></span> <span class='ocrx_word' id='word_1_306' title='bbox 554 3201 571 3257; x_wconf 89' lang='grc'>9</span> <span class='ocrx_word' id='word_1_307' title='bbox 595 3216 672 3258; x_wconf 90' lang='lat' dir='ltr'><strong>nune</strong></span> <span class='ocrx_word' id='word_1_308' title='bbox 694 3201 733 3258; x_wconf 96' lang='lat' dir='ltr'><strong>ad</strong></span> <span class='ocrx_word' id='word_1_309' title='bbox 754 3199 900 3271; x_wconf 85' lang='lat' dir='ltr'><strong>inceptum</strong></span> <span class='ocrx_word' id='word_1_310' title='bbox 917 3199 1014 3257; x_wconf 90' lang='lat' dir='ltr'><strong>rede0.</strong></span> <span class='ocrx_word' id='word_1_311' title='bbox 1048 3197 1092 3269; x_wconf 85' lang='lat' dir='ltr'><strong>Ig.</strong></span> <span class='ocrx_word' id='word_1_312' title='bbox 1112 3200 1162 3272; x_wconf 87' lang='grc'><strong>42,</strong></span> <span class='ocrx_word' id='word_1_313' title='bbox 1181 3201 1199 3258; x_wconf 89' lang='grc'><strong>5</strong></span> <span class='ocrx_word' id='word_1_314' title='bbox 1220 3217 1307 3272; x_wconf 90' lang='lat' dir='ltr'><strong>qnam</strong></span> <span class='ocrx_word' id='word_1_315' title='bbox 1327 3203 1365 3261; x_wconf 92' lang='lat' dir='ltr'><strong>ob</strong></span> <span class='ocrx_word' id='word_1_316' title='bbox 1386 3219 1454 3262; x_wconf 91' lang='lat' dir='ltr'><strong>rem</strong></span> 
     </span>
     <span class='ocr_line' id='line_1_34' title="bbox 268 3281 1455 3359; baseline 0 -11"><span class='ocrx_word' id='word_1_317' title='bbox 268 3289 306 3348; x_wconf 89' lang='lat' dir='ltr'><strong>ad</strong></span> <span class='ocrx_word' id='word_1_318' title='bbox 324 3287 472 3359; x_wconf 90' lang='lat' dir='ltr'><strong>inceptum</strong></span> <span class='ocrx_word' id='word_1_319' title='bbox 489 3285 587 3344; x_wconf 84' lang='lat' dir='ltr'><strong>redeo</strong></span> <span class='ocrx_word' id='word_1_320' title='bbox 622 3285 698 3345; x_wconf 89' lang='lat' dir='ltr'><strong>adde</strong></span> <span class='ocrx_word' id='word_1_321' title='bbox 714 3283 757 3356; x_wconf 80' lang='lat' dir='ltr'><strong>Ig.</strong></span> <span class='ocrx_word' id='word_1_322' title='bbox 773 3286 822 3356; x_wconf 82' lang='lat'><strong>79,</strong></span> <span class='ocrx_word' id='word_1_323' title='bbox 837 3285 885 3343; x_wconf 89' lang='lat'><strong>10.</strong></span> <span class='ocrx_word' id='word_1_324' title='bbox 920 3283 987 3342; x_wconf 88' lang='lat' dir='ltr'><strong>Tac.</strong></span> <span class='ocrx_word' id='word_1_325' title='bbox 1006 3282 1074 3343; x_wconf 80' lang='lat' dir='ltr'><strong>hist</strong></span> <span class='ocrx_word' id='word_1_326' title='bbox 1091 3281 1129 3357; x_wconf 87' lang='lat' dir='ltr'><strong>Il,</strong></span> <span class='ocrx_word' id='word_1_327' title='bbox 1145 3286 1186 3345; x_wconf 87' lang='lat'><strong>38</strong></span> <span class='ocrx_word' id='word_1_328' title='bbox 1204 3303 1281 3344; x_wconf 87' lang='lat' dir='ltr'><strong>nnnc</strong></span> <span class='ocrx_word' id='word_1_329' title='bbox 1295 3289 1334 3346; x_wconf 93' lang='lat' dir='ltr'><strong>ad</strong></span> <span class='ocrx_word' id='word_1_330' title='bbox 1348 3305 1455 3348; x_wconf 89' lang='lat' dir='ltr'><strong>rerum</strong></span> 
     </span>
     <span class='ocr_line' id='line_1_35' title="bbox 269 3369 1457 3445; baseline 0.002 -12"><span class='ocrx_word' id='word_1_331' title='bbox 269 3373 402 3433; x_wconf 90' lang='lat' dir='ltr'><strong>ordinem</strong></span> <span class='ocrx_word' id='word_1_332' title='bbox 427 3370 525 3430; x_wconf 90' lang='lat' dir='ltr'><strong>redeo.</strong></span> <span class='ocrx_word' id='word_1_333' title='bbox 558 3387 623 3429; x_wconf 90' lang='lat' dir='ltr'><strong>ann.</strong></span> <span class='ocrx_word' id='word_1_334' title='bbox 645 3369 701 3442; x_wconf 84' lang='lat' dir='ltr'><strong>IV,</strong></span> <span class='ocrx_word' id='word_1_335' title='bbox 725 3371 764 3430; x_wconf 90' lang='grc'><strong>33</strong></span> <span class='ocrx_word' id='word_1_336' title='bbox 796 3370 846 3430; x_wconf 92' lang='lat' dir='ltr'><strong>sed</strong></span> <span class='ocrx_word' id='word_1_337' title='bbox 874 3369 913 3428; x_wconf 90' lang='lat' dir='ltr'><strong>ad</strong></span> <span class='ocrx_word' id='word_1_338' title='bbox 938 3369 1085 3441; x_wconf 90' lang='lat' dir='ltr'><strong>inceptum</strong></span> <span class='ocrx_word' id='word_1_339' title='bbox 1110 3372 1207 3431; x_wconf 87' lang='lat' dir='ltr'><strong>redeo.</strong></span> <span class='ocrx_word' id='word_1_340' title='bbox 1243 3371 1317 3445; x_wconf 88' lang='lat' dir='ltr'><strong>XII,</strong></span> <span class='ocrx_word' id='word_1_341' title='bbox 1340 3375 1381 3433; x_wconf 81' lang='lat'><strong>51</strong></span> <span class='ocrx_word' id='word_1_342' title='bbox 1413 3378 1457 3436; x_wconf 92' lang='lat' dir='ltr'><strong>ad</strong></span> 
     </span>
     <span class='ocr_line' id='line_1_36' title="bbox 269 3455 708 3532; baseline -0.016 -13"><span class='ocrx_word' id='word_1_343' title='bbox 269 3465 434 3532; x_wconf 89' lang='lat' dir='ltr'><strong>temporum</strong></span> <span class='ocrx_word' id='word_1_344' title='bbox 457 3455 589 3516; x_wconf 84' lang='lat' dir='ltr'><strong>ordinem</strong></span> <span class='ocrx_word' id='word_1_345' title='bbox 611 3457 708 3516; x_wconf 86' lang='lat' dir='ltr'><strong>redeo.</strong></span> 
     </span>
    </p>

    <p class='ocr_par' dir='ltr' id='par_1_15' title="bbox 268 3540 1459 3961">
     <span class='ocr_line' id='line_1_37' title="bbox 355 3540 1456 3614; baseline 0.004 -11"><span class='ocrx_word' id='word_1_346' title='bbox 355 3545 423 3604; x_wconf 91' lang='lat' dir='ltr'><strong>Sall.</strong></span> <span class='ocrx_word' id='word_1_347' title='bbox 446 3542 508 3601; x_wconf 81' lang='lat' dir='ltr'><strong>Cat.</strong></span> <span class='ocrx_word' id='word_1_348' title='bbox 532 3543 561 3614; x_wconf 87' lang='lat'><strong>5,</strong></span> <span class='ocrx_word' id='word_1_349' title='bbox 583 3543 602 3602; x_wconf 87' lang='lat'><strong>9</strong></span> <span class='ocrx_word' id='word_1_350' title='bbox 629 3541 731 3614; x_wconf 88' lang='lat' dir='ltr'><strong>paucis</strong></span> <span class='ocrx_word' id='word_1_351' title='bbox 758 3541 902 3601; x_wconf 86' lang='lat' dir='ltr'><strong>disserere</strong></span> <span class='ocrx_word' id='word_1_352' title='bbox 927 3540 1063 3599; x_wconf 85' lang='lat' dir='ltr'><strong>instituta</strong></span> <span class='ocrx_word' id='word_1_353' title='bbox 1089 3541 1241 3601; x_wconf 89' lang='lat' dir='ltr'><strong>maiorum.</strong></span> <span class='ocrx_word' id='word_1_354' title='bbox 1287 3543 1356 3603; x_wconf 87' lang='lat' dir='ltr'><strong>Tac.</strong></span> <span class='ocrx_word' id='word_1_355' title='bbox 1380 3545 1456 3608; x_wconf 71' lang='lat' dir='ltr'><strong>hist.</strong></span> 
     </span>
     <span class='ocr_line' id='line_1_38' title="bbox 268 3625 1458 3704; baseline 0.002 -14"><span class='ocrx_word' id='word_1_356' title='bbox 268 3630 308 3704; x_wconf 90' lang='grc' dir='ltr'><strong>Π,</strong></span> <span class='ocrx_word' id='word_1_357' title='bbox 328 3634 346 3689; x_wconf 94' lang='grc'><strong>2</strong></span> <span class='ocrx_word' id='word_1_358' title='bbox 369 3629 455 3689; x_wconf 88' lang='lat' dir='ltr'><strong>initia</strong></span> <span class='ocrx_word' id='word_1_359' title='bbox 477 3626 629 3699; x_wconf 82' lang='lat' dir='ltr'><strong>religionis</strong></span> <span class='ocrx_word' id='word_1_360' title='bbox 652 3627 753 3700; x_wconf 92' lang='lat' dir='ltr'><strong>paucis</strong></span> <span class='ocrx_word' id='word_1_361' title='bbox 775 3625 925 3686; x_wconf 89' lang='lat' dir='ltr'><strong>disseram.</strong></span> <span class='ocrx_word' id='word_1_362' title='bbox 955 3643 1021 3684; x_wconf 92' lang='lat' dir='ltr'><strong>ann.</strong></span> <span class='ocrx_word' id='word_1_363' title='bbox 1043 3625 1082 3696; x_wconf 91' lang='grc' dir='ltr'><strong>ΙΙ,</strong></span> <span class='ocrx_word' id='word_1_364' title='bbox 1106 3628 1146 3685; x_wconf 88' lang='grc'><strong>27</strong></span> <span class='ocrx_word' id='word_1_365' title='bbox 1169 3626 1243 3688; x_wconf 88' lang='lat' dir='ltr'><strong>Eius</strong></span> <span class='ocrx_word' id='word_1_366' title='bbox 1261 3631 1375 3701; x_wconf 85' lang='lat' dir='ltr'><strong>negotii</strong></span> <span class='ocrx_word' id='word_1_367' title='bbox 1394 3633 1458 3692; x_wconf 89' lang='lat' dir='ltr'><strong>ini-</strong></span> 
     </span>
     <span class='ocr_line' id='line_1_39' title="bbox 269 3710 1458 3791; baseline 0 -15"><span class='ocrx_word' id='word_1_368' title='bbox 269 3716 343 3776; x_wconf 88' lang='lat' dir='ltr'><strong>tium</strong></span> <span class='ocrx_word' id='word_1_369' title='bbox 369 3714 500 3774; x_wconf 88' lang='lat' dir='ltr'><strong>curatius</strong></span> <span class='ocrx_word' id='word_1_370' title='bbox 523 3713 672 3773; x_wconf 89' lang='lat' dir='ltr'><strong>disseram.</strong></span> <span class='ocrx_word' id='word_1_371' title='bbox 704 3713 848 3772; x_wconf 89' lang='lat' dir='ltr'><strong>disserere</strong></span> <span class='ocrx_word' id='word_1_372' title='bbox 870 3727 935 3769; x_wconf 92' lang='lat' dir='ltr'><strong>cum</strong></span> <span class='ocrx_word' id='word_1_373' title='bbox 957 3727 1015 3769; x_wconf 86' lang='lat' dir='ltr'><strong>acc.</strong></span> <span class='ocrx_word' id='word_1_374' title='bbox 1038 3710 1100 3770; x_wconf 91' lang='lat' dir='ltr'><strong>eins</strong></span> <span class='ocrx_word' id='word_1_375' title='bbox 1122 3712 1178 3784; x_wconf 89' lang='lat' dir='ltr'><strong>rei,</strong></span> <span class='ocrx_word' id='word_1_376' title='bbox 1207 3715 1243 3772; x_wconf 92' lang='lat' dir='ltr'><strong>de</strong></span> <span class='ocrx_word' id='word_1_377' title='bbox 1265 3731 1324 3786; x_wconf 89' lang='lat' dir='ltr'><strong>qua</strong></span> <span class='ocrx_word' id='word_1_378' title='bbox 1347 3717 1458 3791; x_wconf 93' lang='lat' dir='ltr'><strong>dispn-</strong></span> 
     </span>
     <span class='ocr_line' id='line_1_40' title="bbox 269 3796 1459 3875; baseline 0.002 -13"><span class='ocrx_word' id='word_1_379' title='bbox 269 3807 358 3874; x_wconf 87' lang='lat' dir='ltr'><strong>tatur,</strong></span> <span class='ocrx_word' id='word_1_380' title='bbox 380 3815 502 3875; x_wconf 90' lang='lat' dir='ltr'><strong>perraro</strong></span> <span class='ocrx_word' id='word_1_381' title='bbox 523 3799 678 3859; x_wconf 87' lang='lat' dir='ltr'><strong>invonitur.</strong></span> <span class='ocrx_word' id='word_1_382' title='bbox 714 3797 766 3856; x_wconf 84' lang='lat' dir='ltr'><strong>cfr.</strong></span> <span class='ocrx_word' id='word_1_383' title='bbox 783 3796 975 3871; x_wconf 84' lang='lat' dir='ltr'><strong>Nipp-Andr.</strong></span> <span class='ocrx_word' id='word_1_384' title='bbox 998 3797 1036 3856; x_wconf 95' lang='lat' dir='ltr'><strong>ad</strong></span> <span class='ocrx_word' id='word_1_385' title='bbox 1054 3814 1120 3856; x_wconf 91' lang='lat' dir='ltr'><strong>ann.</strong></span> <span class='ocrx_word' id='word_1_386' title='bbox 1137 3796 1161 3855; x_wconf 91' lang='lat' dir='ltr'><strong>I.</strong></span> <span class='ocrx_word' id='word_1_387' title='bbox 1180 3799 1209 3869; x_wconf 90' lang='lat'><strong>4,</strong></span> <span class='ocrx_word' id='word_1_388' title='bbox 1226 3799 1280 3857; x_wconf 91' lang='lat' dir='ltr'><strong>nbi</strong></span> <span class='ocrx_word' id='word_1_389' title='bbox 1297 3801 1397 3862; x_wconf 92' lang='lat' dir='ltr'><strong>locum</strong></span> <span class='ocrx_word' id='word_1_390' title='bbox 1418 3822 1459 3864; x_wconf 85' lang='lat' dir='ltr'><strong>ex</strong></span> 
     </span>
     <span class='ocr_line' id='line_1_41' title="bbox 271 3882 1458 3961; baseline 0.002 -13"><span class='ocrx_word' id='word_1_391' title='bbox 271 3887 389 3948; x_wconf 87' lang='lat' dir='ltr'><strong>Valerio</strong></span> <span class='ocrx_word' id='word_1_392' title='bbox 411 3885 541 3946; x_wconf 83' lang='lat' dir='ltr'><strong>Maximo</strong></span> <span class='ocrx_word' id='word_1_393' title='bbox 559 3886 691 3955; x_wconf 88' lang='lat' dir='ltr'><strong>landant;</strong></span> <span class='ocrx_word' id='word_1_394' title='bbox 714 3885 790 3944; x_wconf 90' lang='lat' dir='ltr'><strong>adde</strong></span> <span class='ocrx_word' id='word_1_395' title='bbox 806 3883 870 3942; x_wconf 90' lang='lat' dir='ltr'><strong>Liv.</strong></span> <span class='ocrx_word' id='word_1_396' title='bbox 888 3883 937 3954; x_wconf 89' lang='lat'><strong>41,</strong></span> <span class='ocrx_word' id='word_1_397' title='bbox 956 3883 985 3953; x_wconf 84' lang='lat'><strong>6,</strong></span> <span class='ocrx_word' id='word_1_398' title='bbox 1003 3883 1023 3940; x_wconf 90' lang='grc'>4</span> <span class='ocrx_word' id='word_1_399' title='bbox 1044 3883 1084 3942; x_wconf 91' lang='lat' dir='ltr'><strong>ad</strong></span> <span class='ocrx_word' id='word_1_400' title='bbox 1102 3882 1289 3944; x_wconf 88' lang='lat' dir='ltr'><strong>disserendas</strong></span> <span class='ocrx_word' id='word_1_401' title='bbox 1307 3904 1356 3945; x_wconf 90' lang='lat' dir='ltr'><strong>res</strong></span> <span class='ocrx_word' id='word_1_402' title='bbox 1377 3905 1458 3961; x_wconf 88' lang='lat' dir='ltr'><strong>quas</strong></span> 
     </span>
    </p>

    <p class='ocr_par' dir='ltr' id='par_1_16' title="bbox 270 3973 1458 4129">
     <span class='ocr_line' id='line_1_42' title="bbox 290 3973 502 4034; baseline -0.014 0"><span class='ocrx_word' id='word_1_403' title='bbox 290 3973 439 4034; x_wconf 89' lang='lat' dir='ltr'><strong>essisscnt.</strong></span> <span class='ocrx_word' id='word_1_404' title='bbox 462 4003 502 4015; x_wconf 91' lang='lat'>-</span> 
     </span>
     <span class='ocr_line' id='line_1_43' title="bbox 270 3993 1458 4129; baseline 0.002 -10"><span class='ocrx_word' id='word_1_405' title='bbox 270 3993 289 4049; x_wconf 67' lang='lat' dir='ltr'><strong>g</strong></span> <span class='ocrx_word' id='word_1_406' title='bbox 357 4059 425 4118; x_wconf 90' lang='lat' dir='ltr'><strong>Sall.</strong></span> <span class='ocrx_word' id='word_1_407' title='bbox 449 4057 511 4117; x_wconf 81' lang='lat' dir='ltr'><strong>Cat.</strong></span> <span class='ocrx_word' id='word_1_408' title='bbox 535 4057 563 4129; x_wconf 91' lang='grc'><strong>7,</strong></span> <span class='ocrx_word' id='word_1_409' title='bbox 586 4059 603 4115; x_wconf 94' lang='grc'><strong>7</strong></span> <span class='ocrx_word' id='word_1_410' title='bbox 632 4069 793 4114; x_wconf 90' lang='lat' dir='ltr'><strong>memorare</strong></span> <span class='ocrx_word' id='word_1_411' title='bbox 813 4068 928 4125; x_wconf 89' lang='lat' dir='ltr'><strong>possem</strong></span> <span class='ocrx_word' id='word_1_412' title='bbox 951 4084 991 4095; x_wconf 94' lang='lat'>-</span> <span class='ocrx_word' id='word_1_413' title='bbox 1014 4053 1045 4110; x_wconf 93' lang='lat' dir='ltr'><strong>ni</strong></span> <span class='ocrx_word' id='word_1_414' title='bbox 1067 4069 1101 4111; x_wconf 94' lang='lat' dir='ltr'><strong>ea</strong></span> <span class='ocrx_word' id='word_1_415' title='bbox 1123 4069 1170 4118; x_wconf 88' lang='lat' dir='ltr'><strong>res</strong></span> <span class='ocrx_word' id='word_1_416' title='bbox 1192 4054 1310 4126; x_wconf 83' lang='lat' dir='ltr'><strong>longius</strong></span> <span class='ocrx_word' id='word_1_417' title='bbox 1333 4075 1389 4117; x_wconf 90' lang='lat' dir='ltr'><strong>nos</strong></span> <span class='ocrx_word' id='word_1_418' title='bbox 1415 4063 1458 4122; x_wconf 91' lang='lat' dir='ltr'><strong>ab</strong></span> 
     </span>
    </p>
   </div>
   <div class='ocr_carea' id='block_1_9' title="bbox 272 4136 1460 4302">
    <p class='ocr_par' dir='ltr' id='par_1_17' title="bbox 272 4136 1460 4302">
     <span class='ocr_line' id='line_1_44' title="bbox 272 4136 1460 4217; baseline 0.001 -12"><span class='ocrx_word' id='word_1_419' title='bbox 272 4148 389 4217; x_wconf 89' lang='lat' dir='ltr'><strong>incepto</strong></span> <span class='ocrx_word' id='word_1_420' title='bbox 415 4143 554 4202; x_wconf 88' lang='lat' dir='ltr'><strong>traheret.</strong></span> <span class='ocrx_word' id='word_1_421' title='bbox 578 4173 617 4183; x_wconf 89' lang='lat'>-</span> <span class='ocrx_word' id='word_1_422' title='bbox 641 4142 709 4200; x_wconf 91' lang='lat' dir='ltr'><strong>Tac.</strong></span> <span class='ocrx_word' id='word_1_423' title='bbox 731 4155 797 4197; x_wconf 89' lang='lat' dir='ltr'><strong>auu.</strong></span> <span class='ocrx_word' id='word_1_424' title='bbox 819 4136 872 4210; x_wconf 90' lang='lat' dir='ltr'><strong>VI,</strong></span> <span class='ocrx_word' id='word_1_425' title='bbox 896 4139 935 4196; x_wconf 89' lang='grc'><strong>22</strong></span> <span class='ocrx_word' id='word_1_426' title='bbox 959 4138 989 4195; x_wconf 92' lang='lat' dir='ltr'><strong>in</strong></span> <span class='ocrx_word' id='word_1_427' title='bbox 1011 4142 1142 4211; x_wconf 87' lang='lat' dir='ltr'><strong>tempore</strong></span> <span class='ocrx_word' id='word_1_428' title='bbox 1164 4142 1392 4217; x_wconf 87' lang='lat' dir='ltr'><strong>memorabitur,</strong></span> <span class='ocrx_word' id='word_1_429' title='bbox 1418 4165 1460 4208; x_wconf 92' lang='lat' dir='ltr'><strong>ne</strong></span> 
     </span>
     <span class='ocr_line' id='line_1_45' title="bbox 272 4225 782 4302; baseline -0.018 -11"><span class='ocrx_word' id='word_1_430' title='bbox 272 4247 350 4297; x_wconf 88' lang='lat' dir='ltr'><strong>nnnc</strong></span> <span class='ocrx_word' id='word_1_431' title='bbox 372 4230 490 4302; x_wconf 89' lang='lat' dir='ltr'><strong>incepto</strong></span> <span class='ocrx_word' id='word_1_432' title='bbox 512 4226 628 4300; x_wconf 85' lang='lat' dir='ltr'><strong>longius</strong></span> <span class='ocrx_word' id='word_1_433' title='bbox 651 4225 782 4285; x_wconf 90' lang='lat' dir='ltr'><strong>abierim.</strong></span> 
     </span>
    </p>
   </div>
   <div class='ocr_carea' id='block_1_10' title="bbox 274 4356 477 4369">
    <p class='ocr_par' dir='ltr' id='par_1_18' title="bbox 274 4356 477 4369">
     <span class='ocr_line' id='line_1_46' title="bbox 274 4356 477 4369; baseline -0.005 0"><span class='ocrx_word' id='word_1_434' title='bbox 274 4356 477 4369; x_wconf 67' lang='lat' dir='ltr'>-n———t—</span> 
     </span>
    </p>
   </div>
   <div class='ocr_carea' id='block_1_11' title="bbox 313 4405 1313 4490">
    <p class='ocr_par' dir='ltr' id='par_1_19' title="bbox 313 4405 1313 4490">
     <span class='ocr_line' id='line_1_47' title="bbox 313 4405 1313 4490; baseline -0.006 -25"><span class='ocrx_word' id='word_1_435' title='bbox 313 4451 316 4458; x_wconf 52' lang='grc'><strong>,</strong></span> <span class='ocrx_word' id='word_1_436' title='bbox 346 4415 367 4490; x_wconf 80' lang='lat'><strong>¹)</strong></span> <span class='ocrx_word' id='word_1_437' title='bbox 384 4417 449 4466; x_wconf 83' lang='lat' dir='ltr'><strong>adde</strong></span> <span class='ocrx_word' id='word_1_438' title='bbox 466 4413 502 4478; x_wconf 79' lang='lat' dir='ltr'><strong>lg.</strong></span> <span class='ocrx_word' id='word_1_439' title='bbox 523 4411 562 4472; x_wconf 88' lang='grc'><strong>18,</strong></span> <span class='ocrx_word' id='word_1_440' title='bbox 583 4411 596 4462; x_wconf 97' lang='grc'>1</span> <span class='ocrx_word' id='word_1_441' title='bbox 615 4409 725 4460; x_wconf 75' lang='lat' dir='ltr'><strong>Africam</strong></span> <span class='ocrx_word' id='word_1_442' title='bbox 743 4408 853 4458; x_wconf 84' lang='lat' dir='ltr'><strong>habuere</strong></span> <span class='ocrx_word' id='word_1_443' title='bbox 870 4407 939 4458; x_wconf 89' lang='lat' dir='ltr'><strong>initio</strong></span> <span class='ocrx_word' id='word_1_444' title='bbox 958 4405 1055 4458; x_wconf 87' lang='lat' dir='ltr'><strong>Gaetuli</strong></span> <span class='ocrx_word' id='word_1_445' title='bbox 1073 4415 1097 4457; x_wconf 84' lang='lat' dir='ltr'><strong>et</strong></span> <span class='ocrx_word' id='word_1_446' title='bbox 1115 4407 1214 4474; x_wconf 70' lang='lat' dir='ltr'><strong>Libyes.</strong></span> <span class='ocrx_word' id='word_1_447' title='bbox 1311 4472 1313 4479; x_wconf 21' lang='lat' dir='ltr'>y</span> 
     </span>
    </p>
   </div>
   <div class='ocr_carea' id='block_1_12' title="bbox 0 0 1562 5096">
    <p class='ocr_par' dir='ltr' id='par_1_20' title="bbox 0 0 1562 5096">
     <span class='ocr_line' id='line_1_48' title="bbox 0 0 1562 5096; baseline 0 0"><span class='ocrx_word' id='word_1_448' title='bbox 0 0 1562 5096; x_wconf 95' lang='lat' dir='ltr'><strong> </strong></span> 
     </span>
    </p>
   </div>
  </div>
 </body>
</html>
