3086 5096
759 401 969 470 ..44..

276 590 352 646 quae
374 571 455 646 dixit,
478 574 601 649 expletis
623 593 707 635 usum
729 576 937 636 Sallustianum
956 575 1178 648 Tacitinnmque
1199 574 1230 632 in
1253 573 1457 647 comparatio-

276 676 342 718 nem
363 677 483 720 vocasse
504 660 576 720 satis
598 661 702 720 habeo.
741 664 785 720 Ae
807 663 933 734 primum
951 659 1108 736 Seyffertus
1127 661 1261 719 Ciceroni
1284 666 1313 718 et
1332 659 1457 718 Caesari

276 751 355 804 recte
381 746 497 805 videtur
522 745 689 806 vindicasse
716 751 893 806 structuram
915 747 1101 806 transitivam
1124 753 1238 805 tantum
1261 762 1364 804 eorum
1386 763 1457 804 ver-

276 830 393 903 borum,
424 848 499 904 quae
530 835 638 891 motum
670 833 837 906 exprimunt
865 834 991 910 (antaeo,
1023 833 1164 892 antecede
1194 831 1363 906 praecedo),
1395 848 1459 888 nou

277 933 390 990 eornm,
417 933 493 990 quae
519 917 651 977 iudicant
678 919 805 991 quietem
831 919 982 998 (antecello
1008 919 1154 990 praecallo
1177 921 1292 975 autesto
1315 916 1457 992 praesto).

277 1001 412 1060 Ceterum
438 1004 529 1062 verba
558 1005 733 1078 composita,
764 1019 839 1077 quae
869 1010 979 1063 motum
1006 1001 1182 1076 significant,
1214 1002 1334 1061 omniuo
1362 1003 1457 1060 multo

276 1085 392 1147 facilius
422 1089 559 1147 abierunt
588 1089 620 1148 iu
646 1090 794 1149 notionem
820 1094 1054 1162 structuramque
1079 1087 1275 1148 transitivum.
1320 1087 1458 1159 Quodsi

277 1171 434 1248 Seyffertm
462 1174 534 1234 dicit
563 1193 591 1248 p.
615 1174 683 1234 VH:
718 1175 794 1248 „Der
821 1175 964 1246 Analogia
992 1175 1088 1235 dieser
1114 1174 1213 1233 Verba
1243 1172 1372 1245 folgend,
1403 1173 1457 1230 hat

277 1259 386 1318 Sallust
416 1260 596 1332 antevenire,
626 1260 847 1321 Pseudosallust
875 1262 1045 1335 praegredi,
1081 1259 1129 1319 dia
1160 1257 1371 1319 Schriftsteller
1402 1258 1458 1315 des

277 1344 424 1403 silbernen
440 1345 593 1405 Zeitalters
611 1347 784 1420 praevenire
802 1363 867 1405 cum
885 1346 1052 1406 accusativo
1071 1345 1239 1416 construirt,
1262 1343 1350 1403 sovie
1368 1343 1457 1401 Taci-

275 1434 324 1489 tus
350 1431 518 1503 praemineo
541 1448 564 1490 c.
587 1447 647 1490 555.
673 1433 747 1491 uach
770 1433 822 1492 der
843 1431 987 1504 Analogia
1008 1448 1066 1491 von
1087 1430 1249 1504 praecell0“
1272 1435 1301 1487 et
1322 1447 1352 1502 p.
1374 1427 1458 1488 VIII.

276 1515 344 1574 iude
366 1533 384 1573 5
406 1516 491 1576 Livio
519 1523 618 1576 censet
644 1519 802 1578 secundum
829 1522 1006 1576 structuram
1029 1509 1125 1579 Κατὰ
1148 1511 1276 1579 σύνεσιν
1298 1513 1459 1573 transitive

277 1607 380 1674 coepta
402 1619 467 1662 esse
488 1603 633 1662 adhiberi·
646 1603 734 1662 etiam
756 1603 847 1663 verba
868 1607 987 1678 praesto
1010 1603 1151 1662 antecello
1169 1602 1314 1675 praecello
1334 1601 1458 1671 excello,

276 1703 335 1746 nou
358 1687 455 1746 omnia
477 1693 614 1747 accurate
636 1689 780 1764 exposuit.

361 1775 404 1830 Ac
430 1773 555 1845 primum
583 1775 660 1846 quod
687 1775 793 1834 attinet
818 1775 857 1834 ad
882 1775 973 1836 verba
998 1779 1108 1833 motum
1136 1771 1341 1845 exprimentia,
1370 1773 1457 1831 verbi

275 1859 462 1917 ‘antevenire’
483 1857 644 1933 passivum,
667 1863 745 1932 quod
770 1860 891 1920 verbum
912 1861 1008 1935 ipsum
1031 1859 1148 1919 omnino
1172 1857 1401 1929 non-frequenti
1424 1859 1456 1915 in

275 1961 330 2002 usu
352 1949 397 2002 est
417 1945 521 2022 (Plaut
545 1945 607 2004 Cat.
630 1946 699 2005 Sall.
718 1946 805 2018 Verg.
824 1945 909 2022 Τ55.),
931 1944 1129 2021 personaliter
1148 1943 1256 2003 dieitur
1278 1944 1336 2000 iarn
1360 1960 1378 2000 a
1398 1943 1457 2001 05-

275 2034 345 2088 tone
371 2047 412 2089 or.
440 2030 544 2090 LXIV.
571 2031 654 2092 Jord.
681 2033 760 2103 quod
788 2031 980 2104 compluriens
1012 2022 1185 2102 usuvenit,
1216 2029 1294 2087 omni
1322 2035 1457 2100 tempore

275 2121 461 2175 anteventum
487 2133 551 2176 esse
577 2134 593 2175 5
615 2117 767 2190 republica
793 2116 948 2178 credimus.
991 2118 1031 2176 At
1054 2116 1181 2175 omnium
1204 2114 1375 2187 saepissime
1399 2116 1456 2172 boc

275 2202 394 2260 verbum
417 2217 482 2259 cum
504 2202 670 2263 accusativo
694 2202 846 2275 coniungit
867 2202 1023 2262 Sallustius
1045 2201 1088 2274 Ig.
1111 2203 1140 2273 4,
1163 2205 1191 2261 1.
1219 2202 1270 2272 48,
1293 2202 1320 2258 2.
1351 2202 1402 2271 56,
1427 2203 1458 2258 2.

277 2287 326 2358 86,
350 2289 377 2345 2.
409 2288 459 2358 96,
482 2288 510 2358 3,
533 2305 617 2360 quem
640 2287 772 2359 sequitur
795 2287 914 2346 Tacitus
937 2305 1003 2347 anu.
1025 2287 1049 2359 I,
1072 2287 1122 2346 63.

361 2371 451 2430 Verbi
477 2372 666 2445 ‘praevenire’
692 2374 841 2445 passivum
868 2373 1063 2446 personaliter
1088 2371 1188 2446 posuit
1214 2371 1326 2444 primus
1355 2371 1454 2429 Sallu-

274 2457 347 2516 stius
370 2455 414 2529 Ig.
437 2460 486 2530 71,
510 2459 528 2516 5
553 2475 629 2530 quae
649 2459 713 2532 ipse
734 2459 911 2533 paravisset,
933 2458 1058 2533 perfidia
1080 2457 1194 2517 clientis
1217 2457 1263 2515 sui
1285 2463 1456 2528 praeventa.

274 2543 397 2618 Saepius
423 2544 486 2603 eius
513 2545 596 2604 verbi
624 2549 800 2604 structuram
827 2545 1011 2604 transitivum
1038 2543 1201 2602 invenimus
1223 2543 1292 2600 iude
1314 2558 1332 2599 a
1354 2541 1457 2611 Livi0;

273 2627 378 2687 Tacito
400 2628 430 2687 in
453 2629 565 2690 deliciis
589 2636 634 2688 est
655 2630 803 2702 passivum
827 2631 889 2689 eius
911 2631 1078 2702 personale:
1100 2630 1170 2688 hist.
1186 2627 1210 2699 Ι,
1228 2629 1247 2686 5
1267 2633 1457 2699 praeventam

275 2715 410 2785 gratiam.
446 2731 512 2773 aun.
535 2715 557 2787 Ι,
580 2717 620 2776 53
666 2714 705 2788 ΙΙ,
729 2717 777 2775 65.
802 2717 850 2775 79.
881 2713 959 2786 XIV,
983 2718 1010 2774 7.

360 2801 407 2859 Ad
428 2802 590 2873 exemplum
612 2801 768 2860 verborum
791 2818 809 2858 a
828 2801 967 2859 Sallustio
985 2801 1140 2860 transitive
1157 2801 1371 2880 collocatorum
1387 2815 1457 2856 aue-

274 2891 322 2944 tor
349 2885 434 2958 epist.
461 2887 488 2946 d.
510 2903 572 2960 rep.
600 2888 638 2947 ad
660 2885 741 2946 0555.
768 2903 827 2959 sen.
850 2885 872 2958 Ι,
897 2888 923 2957 1,
947 2888 965 2944 2
989 2887 1143 2958 usurpavit
1165 2885 1330 2957 ‘praegredi
1351 2884 1458 2956 alqm.’,

276 2973 354 3043 quod
375 2971 444 3030 inde
467 2989 484 3030 a
505 2972 590 3032 Livio
613 2971 811 3044 frequentiore
834 2972 865 3029 in
887 2989 941 3030 usu
960 2978 1013 3030 est.
1048 2973 1104 3030 Sed
1121 2972 1180 3028 ium
1198 2970 1277 3043 apud
1294 2969 1457 3027 Pacuvium

275 3056 397 3128 legimus
415 3075 440 3116 v.
459 3058 500 3115 48
518 3058 688 3116 Extremum
710 3059 787 3116 iuter
809 3061 964 3116 camberem
983 3057 1078 3130 ipsum
1096 3058 1274 3128 praegradat
1291 3055 1457 3113 Partheno·

276 3159 438 3215 555515.-
449 3142 619 3215 ‘Antegredi
633 3160 657 3202 c.
673 3144 741 3201 acc!
755 3147 850 3202 exstat
864 3144 943 3215 apud
957 3141 1127 3201 Ciceronem
1143 3144 1179 3201 de
1193 3146 1251 3200 nat.
1266 3142 1345 3199 deor.
1363 3141 1390 3210 2,
1407 3140 1457 3197 53.

361 3227 416 3286 His
438 3228 536 3288 verbis
559 3229 675 3288 addidit
697 3227 817 3286 Tacitus
840 3229 964 3299 ‘praeire
986 3230 1081 3298 elom!
1103 3245 1168 3286 ann.
1191 3226 1230 3298 H,
1253 3227 1303 3285 83.
1331 3225 1381 3295 VI,
1406 3227 1456 3282 21.

276 3313 339 3385 XV,
362 3315 390 3385 4,
413 3315 493 3386 quod
514 3313 587 3373 51155
611 3331 669 3373 555
691 3318 795 3372 exstat.
1127 3307 1129 3310 ’

361 3400 422 3457 155
446 3416 482 3456 ex
504 3399 610 3471 verbis,
633 3415 707 3472 quae
729 3399 855 3473 quietem
873 3396 1046 3472 significant,
1067 3399 1188 3458 verbum
1206 3395 1375 3469 ‘praestare’
1393 3395 1456 3466 pri-

276 3502 339 3544 mus
362 3502 427 3544 cum
449 3485 617 3544 accusativo
640 3484 826 3544 coniunxisse
847 3484 964 3543 videtur
988 3485 1060 3542 Cato
1079 3500 1126 3555 ap.
1156 3484 1230 3548 Nou.
1254 3483 1325 3552 502,
1349 3481 1389 3539 23
1414 3515 1457 3524 -

277 3571 383 3630 deinde
404 3571 476 3643 Nep.
498 3569 651 3643 Ep.6,1;
675 3587 748 3642 quae
770 3571 853 3629 verbi
876 3575 1025 3628 structura
1046 3570 1078 3628 in
1099 3568 1198 3640 gratia
1219 3573 1264 3626 est
1285 3566 1380 3638 Livio,
1404 3571 1457 3626 sed

277 3657 425 3728 spernitur
446 3673 464 3714 a
486 3655 598 3716 Tacito.

361 3746 519 3801 ‘antestare
541 3743 636 3814 alqm!
658 3741 806 3800 invenitur
829 3741 907 3813 apud
928 3741 1037 3801 Metell.
1060 3737 1204 3798 Numidia.
1231 3737 1292 3816 (cfr.
1311 3737 1385 3797 Gall.
1408 3740 1457 3808 12,

279 3828 307 3899 9,
330 3827 359 3904 4)
381 3843 438 3899 qua
460 3829 491 3887 in
512 3846 546 3887 re
568 3833 677 3901 quanto
699 3827 829 3886 universi
851 3843 897 3885 me
918 3843 1007 3884 uuum
1025 3827 1174 3884 antistant.
1194 3857 1232 3868 -
1251 3824 1319 3883 Mel.
1340 3824 1369 3894 3,
1389 3826 1417 3895 6,
1438 3828 1455 3884 V

278 3945 317 3956 -
341 3914 428 3985 Apul.
451 3913 480 3986 4,
502 3915 522 3972 Β
545 3915 652 3973 robore
675 3917 795 3993 ceteros.

362 3999 543 4058 ‘antecellere
570 3994 676 4073 5155ιῖΙ
693 3998 809 4071 passive
836 4002 960 4069 usurpat
987 3996 1046 4054 iam
1075 3994 1184 4055 Coruif.
1209 3998 1236 4066 2,
1264 3993 1313 4064 30,
1341 3993 1382 4052 48
1407 3993 1458 4066 qui

276 4084 323 4143 his
342 4084 476 4143 omuibus
494 4085 582 4143 rebus
600 4085 820 4145 antecelluntur.
844 4083 940 4141 Valer.
955 4082 1033 4140 Max.
1053 4083 1080 4153 3,
1099 4084 1170 4153 8,1.
1198 4081 1266 4140 Tac.
1281 4080 1349 4137 hist.
1364 4079 1404 4149 ΙΙ,
1419 4081 1449 4139 3.

363 4169 453 4229 Verbi
475 4171 668 4242 ‘praecellere’
691 4175 839 4230 structura
866 4167 1022 4227 transitiva
1048 4169 1078 4224 iu
1103 4166 1200 4225 Taciti
1222 4164 1457 4237 proprietatibus

278 4256 414 4316 habenda
436 4259 488 4314 est.
525 4255 602 4334 (ann.
624 4254 663 4326 ΙΙ,
685 4253 746 4331 43.)

362 4341 560 4414 ‘praeminere‘
588 4358 653 4400 cum
680 4341 847 4400 accusativo
876 4340 1055 4410 coniungunt
1080 4338 1148 4396 Sall.
1175 4337 1242 4396 hist.
1272 4335 1311 4407 Π,
1334 4338 1374 4394 85
1398 4337 1457 4411 (83)

278 4445 386 4501 omnes,
414 4427 464 4500 qni
486 4427 592 4486 circum
622 4433 701 4498 sunt,
723 4427 907 4498 praeminent
929 4425 1085 4482 altitudine
1106 4423 1218 4481 milium
1240 4438 1381 4494 passuum
1404 4422 1457 4480 dn·
