3086 5096
459 361 784 426 ·-53-

178 533 277 592 Verba
299 534 422 592 ‘clausos
446 536 570 605 quodam
593 537 680 594 modo
702 535 871 593 accinctos
893 533 941 612 (so.
959 533 1116 609 Romanos)
1134 535 1164 594 di
1182 534 1266 592 nobis

83 619 286 680 tradiderunt'
308 619 505 678 Woelfflinins
527 627 678 693 comparat
701 639 765 680 cum
786 621 829 692 Ig.
852 622 902 693 59,
920 622 939 678 3
961 638 1054 694 neque
1077 621 1187 680 diutius
1205 620 1266 676 Nu-

84 706 188 764 midae
214 706 353 764 resistere
379 706 551 778 quivissent,
578 707 609 765 ni
636 709 749 779 pedites
772 724 837 765 cum
859 707 1006 778 equitibus
1026 707 1164 780 permixti
1185 723 1267 778 mag·

85 809 159 850 nam
182 793 294 851 cladem
316 792 348 849 in
370 808 528 864 congressu
546 792 688 864 facereut3
712 794 817 865 quibus
839 793 883 850 illi
901 793 970 850 freti
988 811 1054 866 non,
1076 794 1120 851 uti
1138 793 1267 863 equestri

84 879 206 949 proelio
228 881 314 950 solet,
337 878 420 950 sequi
442 879 510 938 dein
531 881 647 953 cedere,
670 881 722 939 sed
744 880 878 938 advorsis
900 878 981 950 equis
1005 896 1190 950 concurrere,
1212 879 1267 936 im·

85 964 202 1034 plicare
221 981 255 1022 ac
273 966 448 1036 perturbare
465 966 570 1039 aciem;
588 966 641 1024 ita
663 965 842 1038 expeditis
860 965 1042 1037 peditibus
1061 966 1134 1024 suis
1152 965 1266 1023 hostis

85 1066 203 1122 paene
215 1051 355 1108 vinctos
370 1052 479 1124 dare',
494 1069 626 1125 cumpro
640 1053 759 1123 ‘victos’,
773 1052 851 1123 quod
864 1057 909 1110 est
918 1052 1042 1110 inlibris
1052 1052 1267 1122 manuscriptis,

86 1137 278 1195 scribendum
301 1143 431 1195 censeret
453 1138 596 1208 ‘vinctos’;
619 1155 706 1210 quam
729 1137 959 1196 emendationem
975 1138 1116 1209 perpauci
1134 1154 1267 1208 compro·

84 1224 244 1281 haveruut.
276 1223 332 1281 Sed
346 1224 526 1295 expeditis
539 1224 687 1297 peditibus
702 1223 812 1297 opponi
824 1225 1158 1295 possunttantummodo
1168 1225 1267 1281 hostes

86 1308 192 1380 vincti,
214 1325 273 1366 non
295 1308 377 1381 victi;
400 1309 579 1382 interpretor
600 1310 677 1369 enim
697 1311 788 1370 rerba
805 1308 836 1366 in
853 1309 931 1366 huno
948 1311 1080 1368 modum:
1106 1309 1162 1381 „So
1180 1310 1266 1367 uber·

86 1395 187 1465 geben
215 1394 258 1453 sie
284 1394 369 1453 ihren
396 1396 488 1453 durch
509 1396 613 1455 Nichts
639 1397 833 1456 behinderten
853 1393 1065 1454 Fusssoldaten
1088 1395 1136 1454 die
1157 1394 1268 1453 Fcinde

85 1481 216 1548 heinahe
242 1480 404 1552 geiesselt.“
448 1481 479 1540 si
505 1499 575 1541 vero
600 1483 756 1542 lectionem
783 1482 926 1540 librorum
947 1482 1116 1557 retinueris,
1138 1481 1267 1552 intellegi

87 1585 152 1624 non
182 1571 291 1639 potest,
327 1583 378 1624 eur
409 1568 564 1626 Sallustius
594 1571 714 1628 verbum
745 1567 915 1640 ‘expeditus'
945 1568 1102 1626 addiderit.
1144 1566 1267 1626 Jacobs·
1340 1621 1344 1638 ,

89 1653 174 1711 Wirz
197 1653 287 1711 verba
309 1653 460 1724 ‘expeditis
482 1655 631 1727 peditibus
654 1656 724 1714 snis’
745 1656 795 1714 vix
812 1660 891 1712 recte
909 1653 1139 1725 interpretantur
1157 1655 1267 1725 „durch

87 1740 281 1810 Auwendnng
307 1739 386 1796 ihrer
412 1739 538 1799 leicbten
564 1740 796 1815 Fusstruppen“;
822 1757 890 1797 nam
917 1739 959 1798 sic
985 1741 1097 1811 equites
1124 1740 1267 1798 enuntiati

89 1824 255 1884 subiectum
276 1842 341 1883 esso
362 1842 420 1883 non
442 1831 573 1898 possunt,
596 1827 627 1886 id
649 1829 727 1898 quod
749 1826 908 1897 requiritur
925 1830 1047 1897 propter
1064 1827 1132 1884 ‘ita’.
1149 1857 1189 1868 -

90 1956 150 2011 Cat.
169 1958 210 2018 58,
228 1959 322 2011 9-10.
349 1955 382 2009 si
395 1956 569 2020 vincimus,
588 1974 651 2013 om·
703 1973 726 2012 o.
740 1961 773 2012 33
787 1973 825 2011 or.
835 1958 900 2026 Agr.
914 1987 948 1996 -
962 1957 1069 2011 omnia
1081 1972 1188 2026 prona
1200 1955 1266 2010 vic·

124 2024 503 2079 nianobistutaerunt—
522 2027 565 2080 sin
578 2033 652 2081 metu
738 2026 881 2088 toribus,
912 2031 994 2095 atque
1026 2025 1136 2080 eadem
1162 2025 1264 2080 victis

126 2093 300 2153 cesserimus,
319 2092 430 2147 eadem
447 2093 494 2147 illa
511 2095 652 2151 advorsa
738 2095 884 2150 adversa.
902 2124 935 2133 -

125 2161 200 2218 fient.
213 2192 248 2202 —
261 2161 332 2216 adde
344 2161 382 2230 lg.
398 2165 456 2226 114,
468 2165 486 2216 2
503 2163 593 2218 omnia
601 2165 652 2219 vir-

124 2232 179 2286 tuti
196 2246 262 2286 suae
278 2244 375 2299 prona.
394 2261 427 2270 -

91 2300 129 2368 lg.
144 2302 187 2362 51,
204 2303 221 2353 4
237 2300 266 2354 in
283 2299 365 2355 armis
382 2301 473 2356 omnia
489 2301 550 2357 sita
568 2332 601 2341 -
706 2315 782 2356 arma
799 2301 873 2356 etin
889 2300 932 2356 his
949 2301 1002 2356 sita
1014 2300 1112 2355 omnia.

178 2443 336 2502 Praeterea
358 2441 558 2504 conferantur:

89 2557 153 2612 hist.
170 2557 217 2612 IV.
236 2560 268 2611 61
286 2559 346 2638 (19),
366 2560 379 2611 1
398 2573 439 2639 ep.
458 2559 551 2615 Mithr.
705 2557 768 2612 hist.
786 2558 822 2620 II,
841 2560 874 2613 76
892 2573 930 2614 or.
944 2557 1072 2612 Muciani.

91 2629 225 2688 Omnes,
243 2643 298 2695 qur
316 2627 440 2681 secundis
454 2628 536 2683 rebus
549 2628 605 2683 suis
618 2628 655 2683 ad
707 2628 836 2688 Omnes,
854 2626 908 2695 qui
925 2642 1084 2696 magnarum
1096 2639 1188 2680 rernm
1201 2641 1265 2679 con·

125 2695 190 2750 belli
212 2696 371 2750 societatem
394 2702 519 2758 orantur,
546 2699 654 2752 consi·
740 2695 801 2751 siha
826 2694 989 2763 suscipiunt,
1015 2696 1194 2749 aestimare
1212 2695 1265 2748 de-

126 2763 391 2825 deraredebent‚
405 2765 522 2820 liceatne
535 2772 593 2820 tum
605 2781 655 2834 pa-
739 2764 830 2827 bent,
860 2779 897 2818 an
927 2763 1001 2832 quod
1029 2764 1195 2831 inchoaturi,
1226 2763 1266 2816 rei

125 2847 184 2886 cem
206 2847 299 2901 agere3
326 2832 388 2886 dein
411 2834 484 2903 quod
505 2835 654 2902 quaesitur,
738 2833 864 2901 publicae
889 2832 968 2895 utile,
993 2832 1060 2901 ipsis
1087 2832 1265 2901 gloriosum

126 2901 229 2956 satisne
254 2901 328 2970 pium
359 2906 449 2956 tutum
474 2902 655 2972 gloriosum
739 2917 775 2956 an
787 2907 942 2970 promptum
956 2901 1055 2955 effectu
1069 2908 1265 2956 autcertenon

126 2986 162 3024 an
178 2969 336 3024 indecorum
354 2971 396 3025 sit.
740 2970 855 3024 arduum
873 2970 916 3025 sit.

93 3039 151 3093 Cat.
166 3039 207 3101 52,
220 3040 254 3092 35
268 3039 376 3094 cadat.
389 3070 422 3078 -
437 3040 483 3094 alii
496 3039 654 3096 intramoe·
704 3037 766 3093 hist.
785 3040 836 3102 111,
854 3041 888 3093 38
911 3054 948 3093 or.
969 3039 1023 3095 Vit.
1041 3068 1075 3078 -
1092 3038 1121 3094 in
1143 3038 1210 3093 urhe
1232 3053 1265 3092 ac

125 3108 170 3162 uia
193 3113 276 3176 atque
292 3108 321 3161 in
339 3107 402 3162 sinu
418 3115 483 3164 sunt
500 3109 602 3165 hostes.
739 3108 800 3163 sinu
818 3107 968 3163 cavendum
985 3108 1099 3163 hostem.

92 3178 186 3245 Ig.10‚
205 3179 222 3229 4
239 3191 278 3230 or.
296 3176 400 3245 Micips.
419 3208 453 3216 -
704 3175 766 3232 hist
785 3177 832 3240 IV,
849 3178 884 3231 52
901 3192 940 3231 or.
958 3176 1020 3230 Titi
1040 3208 1071 3216 -

92 3247 153 3301 Non
180 3245 328 3307 exercitus,
355 3261 410 3300 non
431 3246 554 3301 thesauri
574 3261 652 3315 prae·
704 3245 767 3300 Non
791 3245 927 3315 legiones,
953 3261 1009 3300 non
1029 3245 1131 3300 classes
1152 3244 1266 3314 permde

127 3314 196 3368 sidia
208 3313 285 3382 regni
296 3318 368 3374 sunt,
382 3330 474 3369 verum
484 3315 571 3378 amici,
585 3330 653 3383 quos
738 3313 817 3368 firma
841 3313 946 3383 imperii
971 3314 1152 3377 munimenta,
1183 3330 1265 3384 quam

127 3397 214 3450 neque
241 3383 323 3438 armis
349 3398 446 3452 cogere
472 3399 560 3453 neque
586 3399 653 3438 auro
739 3399 881 3438 numerum
902 3382 1062 3444 liberorum
1083 3397 1147 3436 nam
1164 3383 1265 3437 amieos

127 3465 225 3520 parare
243 3465 335 3519 queas.
738 3459 862 3522 tempore
887 3451 999 3508 fortuna
1025 3450 1197 3519 cupidinibus
1218 3452 1265 3504 ali-

739 3519 849 3588 quando
884 3527 933 3575 aut
967 3519 1106 3574 erroribus
1143 3519 1265 3574 imminui

738 3589 882 3645 transferri
899 3588 1030 3643 desinere.

705 3685 737 3697 -
754 3657 817 3713 hist
833 3658 881 3719 IV,
900 3662 923 3712 7.
949 3657 1062 3712 Nullum
1088 3656 1174 3712 maius
1200 3657 1266 3711 boni

737 3726 844 3806 imperii
855 3727 1074 3786 instrumentum,
1088 3741 1170 3794 quam
1178 3727 1265 3780 bonos

738 3810 847 3850 amieos.

96 3866 151 3920 Get.
170 3863 211 3925 20,
231 3866 263 3919 16
279 3864 323 3917 vel
334 3863 499 3931 imperatore
513 3865 556 3918 vel
568 3863 653 3918 milite
703 3863 766 3918 hist.
783 3863 821 3920 IV
824 3901 831 3925 ‚
848 3864 882 3917 66
899 3879 938 3917 or.
952 3861 1026 3916 Oivil.
1044 3893 1077 3901 —
1096 3878 1145 3917 seu
1158 3879 1200 3917 me
1216 3863 1264 3917 du-

129 3947 170 3986 me
187 3932 299 3986 utimini.
737 3948 796 3986 cem
812 3948 859 3988 seu
877 3931 989 3985 militem
1006 3931 1140 3986 mavultis.

97 4003 138 4057 Ps.
153 4001 216 4055 Sall.
231 4017 271 4070 ep.
286 4001 322 4055 ad
336 4002 411 4056 Caes.
425 4001 459 4062 ll,
474 4003 514 4068 13,
529 4000 653 4068 bllord)
703 4000 765 4056 hist.
783 4001 830 4062 IV,
848 4003 882 4055 74
899 4015 940 4056 ex.
958 4015 998 4054 or.
1016 3999 1119 4064 Ocreal.
1139 4029 1172 4039 -

98 4071 200 4139 Quippe
222 4072 246 4126 si
267 4069 362 4125 morbo
378 4069 432 4123 iam
450 4076 498 4123 aut
515 4067 573 4123 fato
590 4069 652 4122 huic
703 4070 773 4126 Nam
790 4069 876 4139 pulsis
912 4068 967 4122 uod
985 4067 1013 4122 di
1030 4069 1192 4136 prohibeant
1209 4069 1264 4124 Ro·

129 4139 239 4207 imperio
257 4153 336 4193 secus
353 4137 467 4200 accidat,
485 4137 529 4192 cui
542 4137 651 4191 dubium
737 4139 833 4200 manis,
851 4085 916 4206 quid
932 4136 1007 4192 aliud
1017 4153 1107 4217 'quarn
1123 4139 1195 4192 bella
1208 4154 1264 4192 om·

131 4214 179 4269 est,
197 4208 262 4277 quin
279 4222 331 4276 per
349 4208 442 4262 orbem
458 4212 595 4261 terrarum
607 4222 652 4260 va·
738 4207 812 4262 nium
824 4207 896 4261 inter
908 4222 938 4262 se
951 4211 1072 4274 genuum
1080 4207 1216 4262 existent?
1229 4237 1262 4245 —

131 4277 207 4330 stitas
224 4277 296 4330 bella
314 4276 411 4331 caedes
429 4276 570 4331 oriamur?
1207 4319 1210 4330 .

99 4347 134 4416 lg.
148 4347 189 4406 49,
203 4347 269 4399 2-3
284 4360 322 4399 or.
331 4347 389 4414 lug.
399 4375 432 4384 -
442 4344 560 4412 Quaeab
569 4344 652 4413 impe·
703 4343 765 4400 hist.
779 4346 812 4406 V,
827 4349 860 4400 17
874 4361 913 4400 or.
927 4343 1001 4399 civil.
1033 4343 1109 4411 Quae
1126 4343 1263 4412 provideri

131 4420 221 4467 ratore
239 4412 389 4476 decuerint,
411 4414 501 4470 omnis
518 4413 574 4470 suis
590 4428 653 4481 pro·
738 4420 800 4469 astu
809 4413 886 4470 ducis
894 4412 1055 4483 oportuerit,
1063 4413 1181 4482 provisa,
1191 4427 1263 4467 cam·
