3086 5096
282 487 331 540 tur
361 483 510 543 induxisse
540 486 585 543 vel
615 501 687 556 quas
718 489 836 556 praeter
866 487 978 540 ceteros
1009 483 1167 552 adamavit,
1194 481 1313 540 Tacitus
1335 497 1470 552 quoque
1533 508 1534 521 1

282 573 396 627 amator
422 567 490 642 fuit,
517 571 559 628 ita
582 571 607 629 si
629 588 703 643 quae
724 569 919 642 proprietates
941 569 1020 640 apud
1041 568 1173 626 Tacitum
1196 567 1471 639 deprehenduntur

282 655 485 727 antiquitatem
510 657 688 727 redolentes,
719 673 803 714 usum
829 671 928 713 earum
954 671 1040 725 saepe
1066 654 1105 711 ad
1132 653 1263 712 Sallustii
1290 653 1469 723 exemplum

282 739 465 799 referendum
491 759 555 800 esse
582 758 647 799 cum
669 742 721 800 alii
747 745 922 800 censuerunt
942 745 1003 797 turn
1025 737 1233 798 Woelfflinius:
1256 756 1309 797 nec
1330 737 1470 807 iniuria;

282 843 348 883 narn
379 844 414 885 ex
444 828 662 900 comparatione
681 827 844 898 ‚utriusque
875 825 1015 884 sermonis
1042 825 1210 899 apparebit,
1240 825 1381 883 Tacitum
1414 823 1470 894 qui

283 913 410 970 omnium
432 930 574 972 consensu
596 913 720 972 rationis
743 911 858 972 dicendi
875 911 989 983 priscae
1008 911 1124 969 omuino
1142 929 1200 969 non
1218 910 1275 969 fuit
1294 909 1469 978 studiosus

283 998 377 1056 sicubi
407 999 497 1070 prisci
528 1001 634 1058 coloris
665 1001 784 1058 verbum
815 999 861 1055 vel
886 1002 1061 1056 structuram
1088 998 1252 1069 usurpavit,
1282 997 1470 1068 plerumque

282 1083 413 1160 Sallustii
440 1082 571 1156 vestigiis
594 1085 756 1144 insecutum
778 1101 849 1143 esse.
871 1117 913 1124 —
935 1083 1056 1141 Accedit
1078 1085 1156 1154 quod
1178 1083 1207 1140 in
1231 1081 1367 1140 oratione
1394 1081 1468 1139 Sal-

221 1243 223 1248 ,
282 1170 371 1240 lustii,
393 1170 501 1242 quippe
523 1171 572 1243 qui
594 1169 683 1230 fuerit
705 1187 810 1229 aureae
832 1169 937 1227 aetatis
959 1167 1093 1239 inflexu,
1116 1169 1201 1227 initia
1219 1172 1382 1226 cernuntur
1403 1167 1469 1224 iam

282 1257 438 1313 multarum
461 1256 682 1329 proprietatum,
705 1273 779 1328 quae
802 1256 880 1327 apud
901 1259 1057 1326 argenteae
1079 1255 1185 1313 aetatis
1207 1255 1368 1326 scriptores
1398 1271 1468 1311 sae-

283 1342 349 1413 pius
377 1343 461 1401 nobis
489 1342 594 1400 obviae
616 1349 695 1415 sunt,
722 1343 752 1399 111
776 1359 847 1414 quas
870 1341 1017 1412 inquirere
1039 1359 1057 1398 a
1079 1342 1249 1412 quaestione
1271 1346 1377 1398 nostra
1404 1357 1469 1397 non

283 1428 398 1486 videtur
421 1445 485 1486 esse
507 1428 642 1486 alienum.
679 1427 750 1487 Rern
773 1428 868 1500 ipsam
890 1443 1082 1498 aggressurus
1105 1428 1230 1499 primum
1253 1426 1347 1484 dicam

470 1647 507 1729 1.
543 1645 616 1728 De
641 1645 949 1729 formatione
978 1644 1268 1728 verborum.

670 1815 710 1880 Α.
745 1815 793 1880 00
815 1817 1061 1910 substantivis.

373 1964 403 2027 a)
425 1957 470 2018 nc
492 1957 698 2018 substantivis
719 1955 961 2019 terminantibus
982 1957 1017 2018 in
1035 1955 1145 2018 -tuda
1168 1989 1207 1998 -
1232 1957 1369 2016 Veterum
1396 1958 1468 2016 Sal-

206 2093 210 2102 .
283 2045 435 2116 lustiique,
464 2043 617 2102 sectatoris
640 2059 752 2113 eorum,
780 2059 871 2112 genus
899 2044 1015 2102 dicendi
1041 2048 1157 2102 secutus
1179 2044 1298 2122 Tacitus
1321 2045 1467 2102 substan-

283 2131 345 2188 tiva
366 2131 479 2202 aliquot
501 2131 530 2187 in
553 2131 639 2186 ·tudo
663 2128 807 2200 exeuntia,
831 2146 904 2200 quae
929 2129 1178 2188 substantivorum
1197 2127 1334 2187 formatio
1353 2130 1430 2188 inde
1448 2147 1468 2186 a

285 2216 433 2275 Ciceronis
456 2221 553 2274 aetate
575 2215 668 2285 magis
690 2213 841 2286 magisque
860 2220 988 2273 cesserat
1005 2213 1175 2272 formationi
1192 2215 1223 2272 in
1240 2220 1312 2287 -taS,
1334 2232 1463 2274 revoca-

283 2303 334 2373 vit,
357 2319 422 2359 cum
444 2319 497 2372 pro
520 2301 610 2360 verbo
633 2301 748 2370 vulgari
770 2301 907 2358 ‘claritas’
929 2302 1049 2359 verbum
1067 2300 1230 2359 ‘claritudo’
1247 2305 1277 2358 et
1294 2318 1348 2372 pro
1368 2301 1466 2360 verbo

284 2389 460 2446 ‘necessitas’
477 2387 598 2445 verbum
618 2386 819 2457 ‚necessitudo’
837 2391 1001 2458 usurparet.
1036 2386 1197 2458 Utriusque
1210 2386 1293 2446 verbi
1310 2403 1388 2450 usus
1403 2403 1466 2443 non

266 2473 343 2531 'late
365 2478 458 2545 patet:
1285 2533 1289 2536 ,

370 2558 397 2634 a)
419 2558 598 2615 claritudo
617 2561 714 2616 exstat
731 2575 776 2629 ap.
796 2557 858 2615 (lat.
877 2557 949 2628 orig.
968 2556 1003 2616 fr.
1022 2559 1071 2616 63.
1090 2559 1130 2618 83
1148 2559 1179 2616 P.
1196 2558 1244 2634 (ll.
1262 2555 1298 2615 fr.
1313 2559 1363 2616 33.
1387 2556 1465 2614 IIII.

284 2644 320 2702 ir.
340 2648 357 2703 7
377 2645 475 2718 Jordq.
518 2643 628 2702 Sisenn.
651 2642 719 2702 hist.
742 2642 776 2702 fr.
795 2644 835 2701 49
854 2642 886 2701 P.
905 2677 945 2684 -
965 2643 1031 2702 Sall.
1054 2644 1097 2715 Ig.
1116 2646 1144 2714 2,
1161 2645 1190 2704 4.
1218 2648 1245 2716 7,
1263 2644 1292 2700 4.
1328 2643 1402 2702 Vell.
1423 2642 1464 2711 Π,

212 2781 215 2788 ,
286 2734 333 2788 11.
354 2732 402 2788 17.
428 2731 497 2788 130.
532 2730 600 2788 Tac.
618 2730 647 2788 h.
666 2728 689 2800 I,
708 2729 757 2788 85.
780 2728 819 2799 11,
840 2731 887 2788 78.
914 2731 954 2788 83
973 2735 1003 2788 et
1020 2729 1119 2788 tricies
1138 2730 1169 2788 in
1186 2729 1351 2790 annalibus.
1384 2730 1463 2788 Gell.

287 2819 313 2886 7,
332 2817 395 2886 5,1
421 2814 517 2888 (sensu
539 2814 682 2890 proprio);

370 2899 399 2976 b)
421 2900 650 2958 necessitudo
672 2917 726 2972 pro
749 2901 906 2958 necessitas
929 2905 1088 2972 usurpatur
1110 2919 1128 2959 a
1150 2902 1260 2973 Sempr.
1278 2902 1367 2960 Asell.
1391 2902 1463 2960 hist.

284 2986 320 3044 fr.
338 2987 357 3044 5
375 2986 406 3044 P.
426 2986 483 3044 nisi
502 3003 613 3044 summa
630 2985 815 3044 necessitudo
834 2992 885 3044 aut
899 2981 1010 3044 summa
1025 2988 1140 3045 occasio
1156 2989 1227 3046 data
1238 2992 1323 3046 essct.
1347 2987 1463 3046 Sisenn.

284 3072 352 3130 hist.
378 3070 414 3129 11.
442 3074 482 3132 68
504 3072 536 3129 Ρ.
563 3071 738 3130 calamitatis
770 3073 983 3131 necessitudine
1008 3073 1167 3132 inductum.
1190 3107 1229 3116 -
1254 3072 1312 3131 010.
1340 3074 1376 3131 de
1404 3074 1462 3131 inv.

284 3157 323 3229 11,
348 3159 397 3216 61.
421 3159 469 3216 98.
494 3159 634 3216 99.170.
659 3160 718 3216 171
739 3173 800 3229 sqq.
836 3158 903 3217 Sall.
923 3157 985 3216 Cat.
1005 3160 1053 3229 17,
1073 3158 1141 3218 2111
1162 3176 1251 3218 unum
1274 3158 1367 3216 omnis
1391 3175 1462 3216 con-

285 3249 384 3314 vocat,
417 3243 522 3314 quibus
553 3260 688 3301 maxuma
719 3244 903 3302 necessitudo
935 3249 964 3301 et
994 3240 1158 3316 plurumum
1189 3245 1329 3303 audaciae
1356 3243 1462 3304 iuerat.

287 3329 349 3386 (lat.
373 3331 421 3401 17,
441 3329 468 3386 5.
493 3331 541 3399 21,
560 3330 588 3387 3.
612 3330 662 3400 33,
680 3330 707 3388 5.
735 3329 784 3401 58,
805 3332 853 3388 11.
874 3331 921 3388 19.
947 3329 990 3400 Ig.
1010 3331 1057 3401 19,
1076 3331 1104 3388 8.
1128 3331 1177 3401 48,
1198 3333 1223 3389 1.
1248 3332 1317 3402 102,
1335 3331 1364 3388 5.
1388 3330 1462 3388 Vell.

285 3413 325 3486 ΙΙ,
349 3415 400 3474 50.
439 3415 507 3472 Το0.
530 3432 596 3482 ann.
620 3415 641 3485 Ι,
666 3416 693 3472 9.
720 3414 774 3488 111,
797 3416 839 3474 40
865 3414 1045 3474 ferocissimo
1078 3432 1192 3488 quoque
1222 3417 1377 3487 adsumpto
1411 3419 1464 3474 aut

287 3500 391 3572 quibus
409 3501 537 3559 maxima
554 3501 694 3571 peccandi
713 3501 906 3560 necessitudo.
934 3500 988 3572 ΠΙ,
1007 3503 1056 3561 64.
1077 3500 1127 3574 IV,
1146 3504 1195 3562 20.
1217 3501 1284 3574 ΧΠ,
1303 3503 1353 3560 30.
1383 3501 1462 3562 Dial.

287 3589 370 3644 0.10
393 3586 606 3645 necessitudine
629 3584 726 3645 officii.
1296 3589 1298 3593 '

371 3671 567 3732 Woelfflinius
590 3689 654 3730 cum
677 3689 726 3730 eas
749 3671 998 3730 substantivorum
1020 3670 1210 3731 formationes
1229 3673 1324 3730 Taciti
1345 3679 1460 3746 tempo·

286 3759 369 3816 ribus
393 3758 554 3829 singulares
582 3756 673 3816 fuisse
695 3759 895 3829 contenderet,
922 3758 1088 3816 universum
1111 3759 1146 3817 de
1168 3759 1205 3818 iis
1226 3757 1297 3817 fecit
1319 3759 1459 3818 iudicium

287 3841 385 3920 hoc¹):
424 3843 553 3916 „Fassen
579 3844 631 3903 wir
659 3862 682 3901 z.
704 3843 738 3901 B.
766 3844 813 3902 die
836 3843 1025 3902 Substantiva
1044 3842 1104 3902 'auf
1129 3849 1188 3903 -tas
1214 3847 1275 3904 und
1299 3845 1387 3905 'tudo
1415 3846 1460 3903 ins

286 3930 377 4002 Auge,
400 3947 432 3989 so
456 3929 495 3988 ist
517 3930 565 3988 die
587 3931 706 3988 letztere
728 3927 816 3987 Form
840 3929 886 3988 die
908 3931 1119 4000 voraugsweise
1135 3930 1333 3990 Plautinische
1355 3932 1386 3990 in
1409 3933 1460 3990 der

288 4015 562 4074 Ciceronianischeu
598 4014 742 4074 Latinititt
778 4013 825 4072 fiir
859 4015 934 4074 viele
968 4016 1072 4076 Wcrte
1106 4018 1215 4075 bercits
1250 4017 1458 4088 abgedankte.“

282 4102 345 4160 ¹Sed
376 4118 440 4159 cum
467 4101 641 4160 sententiam
664 4119 757 4172 suam,
787 4118 873 4174 quam
896 4103 1107 4161 dubitationem
1130 4120 1189 4183 non
1211 4104 1376 4162 habituram
1398 4116 1461 4162 esse

287 4185 413 4246 fortasse
435 4188 605 4270 speraverit,
632 4188 802 4246 collectione
824 4189 979 4246 verborum
1002 4206 1060 4248 non
1081 4187 1221 4260 firmaret,
1240 4187 1384 4262 Wolffius,
1412 4185 1459 4261 qui

376 4357 395 4421 1)
412 4357 499 4407 111101.
519 4355 559 4409 25.
578 4373 602 4421 p.
621 4355 661 4408 aa.
