3086 5096
562 377 772 440 ...19-

83 548 222 620 usurpari
244 549 379 608 solebant
400 550 600 607 tantummodo
623 549 727 607 media
771 549 828 608 Sed
850 564 915 607 cnm
936 550 1077 620 paulatim
1099 550 1260 610 modiorum

84 631 261 704 significatio
288 635 421 706 proxime
443 634 595 692 accederet
616 636 655 693 ad
677 633 780 704 activa,
801 633 892 692 verba
913 633 1041 693 discerni
1062 641 1167 708 coepta
1185 642 1261 706 sunt,

18 733 20 736 ·
83 719 125 776 ita
146 723 181 776 ut
199 717 299 778 alteris
317 720 520 778 tantummodo
544 720 670 778 activum
688 736 778 791 genus
796 720 983 793 tribueretur,
1005 721 1106 780 alteris
1124 722 1260 791 medium,

83 821 208 876 quorum
235 805 287 864 illa
308 821 429 863 numero
452 810 520 863 sunt
540 807 632 863 multo
654 805 780 877 minora,
804 820 890 876 quam
911 806 991 864 haec.
1015 805 1165 867 Ciceronis
1187 813 1259 866 tem·

82 890 206 961 poribus
229 891 301 950 haec
319 891 475 949 verborum
494 889 644 950 distinctIo
667 890 758 950 ferme
776 897 821 950 est
839 889 981 963 perfecta:
1004 892 1129 951 activum
1148 892 1259 952 frustro

83 976 172 1034 cessit
190 977 288 1035 modio
306 975 443 1047 frustror,
465 976 590 1034 activum
608 976 726 1036 ludifico
744 977 840 1036 medio
858 975 1001 1049 ludificor,
1019 979 1145 1038 activum
1164 981 1261 1051 partio

81 1061 181 1120 medio
204 1063 319 1135 partior
342 1067 371 1120 ot
393 1061 452 1124 alia
473 1064 573 1120 multa
617 1063 798 1135 Quamquam
821 1062 909 1121 etiam
932 1069 993 1121 tum
1015 1079 1173 1136 paucorum
1196 1082 1261 1123 ver·
1325 1131 1328 1140 ,

18 1177 19 1180 ¹
81 1149 189 1206 borum
211 1165 282 1207 usus
304 1152 369 1206 erat
391 1146 520 1206 incertus
542 1149 621 1205 velut
643 1148 777 1207 adsentio
800 1147 963 1221 adsentior,
986 1147 1099 1208 fabrico
1122 1150 1261 1220 fabricor,

81 1239 182 1292 tamen
209 1234 240 1291 in
266 1234 432 1292 universum
458 1234 483 1291 is
511 1233 561 1305 qui
587 1233 684 1291 activo
712 1250 812 1292 eorum
839 1234 994 1292 verborum
1025 1237 1177 1308 utebatur,
1204 1253 1261 1308 ¹pro

81 1323 215 1378 ueterum
237 1320 399 1378 ducebatur
423 1323 575 1377 sectatore.
610 1317 721 1378 Eorum
743 1320 887 1391 igiturex
905 1337 1039 1378 sermone
1057 1320 1212 1380 Sallustius
1230 1323 1261 1380 in

18 1415 19 1484 ζ
81 1422 169 1463 nsum
201 1421 285 1464 suum
317 1403 462 1463 convertit
488 1404 611 1477 ‘partio’,
639 1406 721 1463 cuius
748 1405 831 1463 verbi
861 1404 987 1464 activum
1015 1405 1119 1466 Plauto
1146 1406 1260 1467 Lucilio

81 1491 174 1549 Accio
190 1490 221 1548 in
235 1508 291 1549 usu
301 1495 346 1548 θεῖ
355 1492 491 1563 quodque
500 1490 664 1562 posteriore
676 1496 807 1563 tempore
820 1490 959 1550 Sallustio
974 1492 1132 1552 utvidetur
1141 1498 1262 1552 auctore

81 1577 235 1636 reuocauit
252 1577 385 1635 Tacitus:
408 1574 460 1634 cir.
478 1576 546 1635 Sall.
563 1576 606 1647 Ig.
625 1578 675 1649 43,
696 1581 722 1635 1.
741 1576 907 1650 provincias
926 1577 1004 1635 inter
1022 1594 1053 1636 se
1071 1578 1261 1651 partivorant.

18 1727 19 1736 ,
81 1663 150 1722 Tac.
167 1679 235 1721 ann.
249 1661 318 1738 XII,
334 1663 372 1721 13
387 1677 508 1733 regnum
527 1663 603 1720 inter
622 1679 653 1720 sc
670 1663 825 1735 perticere.
840 1695 879 1705 -
895 1663 952 1722 Sed
971 1662 1059 1721 etiam
1072 1663 1169 1724 media
1181 1668 1269 1723 vete·-

18 1739 20 1764 '
81 1750 165 1808 ribus
185 1752 270 1807 erant
287 1748 318 1805 in
335 1764 399 1819 usu,
418 1763 493 1818 quae
510 1753 614 1820 postea
631 1765 752 1820 prorsus
771 1749 881 1806 reiecta
899 1753 975 1808 sunt
1004 1749 1158 1808 Sallustius
1172 1751 1209 1810 ab
1224 1750 1260 1808 iis

82 1835 211 1908 sumpsit
231 1833 415 1906 ‘comperior'
434 1835 498 1892 Ter.
516 1834 607 1892 Andr.
628 1835 698 1893 902.
721 1834 788 1892 Sall.
811 1833 855 1905 Ig.
878 1835 964 1906 45,1
991 1834 1056 1894 ‘Sed
1075 1835 1106 1893 in
1129 1852 1164 1893 ea
1186 1834 1262 1894 diffi-

82 1923 194 1980 cultate
215 1920 366 1978 Metellum
392 1937 451 1978 non
478 1919 585 1990 minuS,
613 1935 699 1990 quam
725 1920 756 1977 in
783 1919 871 1999 rebus
895 1921 1052 1979 hostilibus
1075 1937 1210 1992 magnum
1233 1926 1263 1980 θῖ

83 2008 249 2080 sapientem
267 2005 362 2064 virum
379 2003 469 2064 luisse
488 2004 669 2077 comperior’.
684 2038 723 2047 —
739 2004 791 2081 (lg.
807 2005 877 2076 108,
894 2005 922 2079 3)
941 2007 1019 2077 quod
1032 2007 1152 2065 verbum
1166 2007 1261 2079 ipsum
1295 2010 1298 2017 '

83 2109 202 2165 qnoque
224 2092 261 2150 ab
285 2108 319 2150 eo
342 2095 490 2149 mutuatus
514 2095 558 2151 est
576 2090 695 2149 Tacitus
717 2108 784 2149 ann.
806 2090 856 2162 IV,
876 2092 916 2149 20
938 2089 1023 2149 ‘hunc
1045 2107 1100 2162 ego
1118 2092 1262 2165 Lepidum

18 2201 19 2250 ς
83 2179 269 2252 temporibus
287 2177 345 2235 illis
364 2193 482 2248 gravem
500 2181 530 2234 ct
548 2171 708 2249 sapientem
722 2177 816 2235 virum
830 2175 920 2235 fnisse
934 2177 1164 2250 comperior’.—
1175 2180 1263 2250 Apud

18 2335 19 2348 χ
84 2265 270 2338 antiquarios
298 2263 414 2335 saepius
441 2262 473 2320 id
498 2262 640 2334 reperies:
667 2263 739 2322 Gall.
759 2262 787 2334 3,
806 2264 834 2334 3,
854 2265 881 2321 1.
915 2264 1001 2335 Apul.
1023 2267 1089 2320 mot.
1108 2266 1136 2336 2,
1156 2267 1205 2323 21.
1223 2299 1263 2308 -

18 2351 19 2354 ’
172 2350 266 2408 Sensu
298 2349 415 2421 passivo
443 2349 539 2408 madia
564 2350 662 2420 posita
688 2349 825 2407 videntur
852 2366 916 2408 esso
944 2337 1015 2408 satis
1043 2349 1147 2408 crebro
1175 2351 1263 2409 etiam

85 2435 238 2495 Ciceronis
260 2435 451 2506 temporibus,
474 2436 525 2494 sed
543 2435 574 2493 in
593 2435 655 2494 dies
677 2435 771 2507 magis
789 2451 808 2492 a
827 2435 1020 2507 scriptoribus
1042 2435 1263 2507 insequentibus

85 2524 197 2582 reiecta
215 2525 291 2579 sunt.
323 2521 478 2580 Sallustius
496 2520 612 2592 passive
630 2520 751 2581 adhibet
769 2519 831 2578 Cat.
851 2525 878 2592 7,
897 2523 915 2580 3
939 2523 1067 2593 adopta
1084 2518 1273 2581 libertato.

85 2608 128 2681 lg.
148 2610 221 2679 101,
241 2609 258 2665 0
282 2607 418 2679 adeptam
440 2607 602 2665 victoriam.
636 2607 707 2665 hist.
729 2605 783 2664 ΠΙ.
802 2608 842 2667 78
860 2606 921 2682 (96)
938 2607 1012 2665 calvi
1034 2612 1125 2666 ratus.
1156 2608 1223 2667 hist.
1241 2608 1265 2666 I.

89 2697 125 2754 31
145 2695 216 2770 (36).
256 2692 352 2764 igitur
373 2692 499 2753 venditis
522 2691 755 2765 proscriptorum
777 2692 863 2752 bonis
885 2696 937 2750 ant
959 2693 1113 2765 dilargitis.
1152 2692 1195 2765 Ig.
1214 2694 1264 2766 84,

89 2779 262 2839 2θιιιθείῖ1ε
286 2779 449 2850 stipendiis.
480 2779 521 2850 lg.
542 2779 589 2850 25,
614 2780 631 2836 2
655 2778 767 2836 enisum
790 2783 843 2836 θεῖ.
874 2777 917 2849 Ig.
935 2779 1022 2851 58,3
1046 2778 1189 2838 frustrati.
1221 2779 1264 2851 Ig.

89 2869 136 2939 17,
157 2870 185 2925 7.
218 2865 262 2923 uti
285 2897 326 2906 -
349 2865 624 2937 interpretatum
647 2864 749 2923 nobis
773 2869 834 2922 est.
879 2863 1056 2940 Cat.48,7.
1079 2865 1263 2924 hist.11.23

88 2951 157 3030 (29).
176 2949 232 3009 ΙΠ.
252 2950 293 3009 34
310 2951 370 3029 (38)
388 2950 577 3009 machinatus.
604 2949 647 3020 Ig.
667 2950 715 3022 31,
734 2951 753 3008 8
772 2949 874 3008 ulcisci
891 2949 1036 3022 nequitur.
1068 2951 1114 3009 Ex
1132 2952 1177 3010 bis
1195 2967 1263 3023 par·

88 3037 191 3110 ticipia
214 3037 442 3110 ‘interpretatus’
464 3035 619 3094 ‘emeritus’
642 3035 783 3107 ‘adeptus’
804 3040 922 3107 praeter
944 3041 1056 3094 veteres
1084 3037 1121 3096 ab
1145 3036 1264 3109 optimis

89 3139 206 3196 quoquo
220 3122 415 3200 scriptoribus
431 3139 516 3180 sensu
532 3121 650 3194 passivo
660 3125 852 3192 usurpantur;
871 3122 1071 3181 ‘machinatus’
1080 3125 1159 3194 apud
1170 3123 1263 3181 Sallu-

89 3211 181 3270 stium
195 3208 321 3280 primum
338 3207 455 3266 videtur
473 3208 542 3279 legi:
561 3206 677 3266 ‘enisus’
690 3212 736 3265 est
753 3206 815 3266 eins
833 3208 993 3280 proprium.
1024 3209 1112 3280 Apud
1130 3209 1264 3268 Tacitum

89 3295 251 3373 invenimus
270 3311 356 3352 sensu
373 3293 491 3365 passivo
509 3292 606 3364 media
624 3293 707 3350 haec:
726 3309 791 3351 ann.
809 3293 832 3365 I,
852 3296 879 3351 7.
898 3293 1025 3365 adepto
1048 3294 1263 3367 principatu.

88 3383 158 3454 Agr.
177 3382 220 3439 40
243 3379 406 3438 comitatus.
432 3395 498 3436 ann.
525 3377 580 3449 ΠΙ,
598 3379 648 3437 46.
672 3395 724 3436 noc
750 3383 916 3437 cunctatum
943 3381 1022 3452 apud
1047 3381 1150 3439 latera.
1193 3381 1263 3451 Agr.

90 3469 139 3527 41.
158 3467 226 3526 hist.
243 3465 293 3537 IV,
312 3467 360 3525 76.
379 3483 445 3524 ann.
462 3464 515 3522 ΠΙ.
532 3467 580 3523 17.
595 3466 644 3522 74.
667 3463 750 3535 XIII,
765 3465 804 3524 37
824 3470 969 3536 expertus.
988 3465 1056 3524 hist.
1074 3465 1097 3538 Ι,
1114 3467 1142 3524 8.
1160 3463 1199 3536 Π,
1215 3467 1262 3524 75.

90 3554 266 3626 inexpertus.
291 3568 355 3610 ann.
378 3550 430 3622 XI,
449 3551 477 3608 4.
500 3550 774 3622 interpretatum
795 3549 848 3626 (sc.
867 3550 953 3628 esse)
970 3551 1163 3610 tradidere
1194 3550 1263 3610 hist.

90 3639 138 3711 IV,
158 3640 208 3700 68.
240 3653 306 3696 ann.
324 3637 379 3708 HI,
394 3639 422 3696 5.
438 3638 485 3695 12.
504 3635 553 3707 IV,
567 3638 616 3696 57.
633 3638 674 3695 70
691 3641 720 3694 θῖ
737 3636 846 3708 passim
864 3636 1031 3720 meditatus.
1062 3652 1127 3695 ann.
1146 3637 1201 3708 III,
1222 3639 1261 3696 67

91 3726 169 3785 ausis
185 3723 336 3784 codicillis.
358 3740 424 3782 ann.
438 3723 461 3792 I,
476 3724 516 3780 42
533 3722 603 3794 quid
622 3721 755 3780 inausum
773 3721 1013 3781 intemeratumve
1026 3722 1133 3781 vobis?
1157 3724 1204 3783 Ex
1218 3722 1264 3780 his

91 3805 238 3870 ‘cunctari'
254 3826 339 3868 sensu
357 3807 474 3880 passivo
492 3808 645 3880 usurpavit
663 3807 782 3866 Tacitus
802 3809 889 3879 solus,
909 3825 995 3879 quam
1013 3809 1050 3868 ob
1070 3824 1131 3866 rem
1144 3806 1263 3869 Woelff-

91 3897 178 3956 linius
207 3895 297 3954 scribi
319 3894 381 3952 vult
402 3895 421 3952 1.
442 3893 460 3950 1.
482 3896 545 3951 ‘nec
571 3893 621 3954 diu
648 3897 791 3952 certatum
818 3893 897 3966 apud
922 3894 1033 3966 latera',
1061 3894 1142 3953 cuius
1168 3897 1263 3952 muta·

91 3982 179 4042 tionis
203 3997 292 4039 causa
314 3980 393 4038 nulla
416 3984 468 4037 θεῖ.
510 3977 584 4038 Eius
606 3979 689 4039 uerbi
714 3979 841 4038 activum
864 3983 961 4038 exstat
983 3981 1061 4051 apud
1082 3979 1176 4040 Pleut.
1198 3978 1263 4042 Cas

18 4091 19 4134 1
92 4070 150 4127 651
171 4071 300 4127 cunctas.
338 4063 412 4122 Eun.
431 4068 466 4123 tr.
484 4081 510 4121 v.
530 4065 591 4124 148
614 4081 687 4124 com.
704 4083 729 4123 v.
749 4067 776 4124 3.
811 4066 871 4124 Att.
893 4069 928 4123 tr.
948 4083 974 4124 v.
994 4067 1033 4124 72
1052 4070 1198 4123 cunctant.
1220 4095 1262 4108 -

18 4155 19 4200 t
91 4152 282 4226 Participium
309 4151 415 4209 ‘ausus’
437 4149 558 4210 adhibet
584 4152 699 4221 passive
726 4151 836 4222 primus
863 4149 935 4209 Vell.
958 4151 998 4222 H,
1019 4153 1070 4222 80,
1093 4152 1121 4211 3.
1157 4151 1262 4211 deindo

93 4240 141 4299 Sil.
164 4241 192 4311 5,
211 4239 282 4296 442.
307 4238 355 4308 16,
373 4236 445 4295 534.
493 4235 550 4294 Sed
576 4235 790 4294 substantivum
812 4239 933 4294 ‘ausum’
954 4237 1076 4308 legimus
1103 4237 1161 4294 iam
1183 4237 1262 4307 apud

94 4324 252 4397 Vergilium
274 4319 346 4381 Aen.
369 4325 397 4391 2,
414 4323 485 4380 535.
508 4322 535 4393 6,
554 4323 624 4380 625.
648 4323 676 4393 9,
695 4323 764 4382 281.
788 4323 836 4393 12,
855 4323 925 4382 351.
946 4355 985 4366 -

177 4411 206 4488 5)
223 4408 343 4480 Restat,
360 4413 392 4466 ut
409 4407 440 4464 in
458 4405 705 4478 comparationem
719 4423 854 4466 vocemus
872 4425 956 4466 usum
974 4407 1124 4481 participii
1137 4403 1261 4466 ‘voleus'

1026 4505 1058 4557 2*
